%YAML 1.1
%TAG !u! tag:unity3d.com,2011:
--- !u!1 &1017425235
GameObject:
  m_ObjectHideFlags: 0
  m_CorrespondingSourceObject: {fileID: 0}
  m_PrefabInstance: {fileID: 0}
  m_PrefabAsset: {fileID: 0}
  serializedVersion: 6
  m_Component:
  - component: {fileID: 1017425236}
  - component: {fileID: 1017425237}
  m_Layer: 0
  m_Name: Wake TrailRenderer
  m_TagString: Untagged
  m_Icon: {fileID: 0}
  m_NavMeshLayer: 0
  m_StaticEditorFlags: 0
  m_IsActive: 1
--- !u!4 &1017425236
Transform:
  m_ObjectHideFlags: 0
  m_CorrespondingSourceObject: {fileID: 0}
  m_PrefabInstance: {fileID: 0}
  m_PrefabAsset: {fileID: 0}
  m_GameObject: {fileID: 1017425235}
  m_LocalRotation: {x: 0.7071068, y: 0, z: 0, w: 0.7071068}
  m_LocalPosition: {x: 0, y: 2, z: 0}
  m_LocalScale: {x: 1, y: 1, z: 1}
  m_ConstrainProportionsScale: 0
  m_Children: []
  m_Father: {fileID: 8364748786313310596}
  m_RootOrder: 1
  m_LocalEulerAnglesHint: {x: 90, y: 0, z: 0}
--- !u!96 &1017425237
TrailRenderer:
  serializedVersion: 2
  m_ObjectHideFlags: 0
  m_CorrespondingSourceObject: {fileID: 0}
  m_PrefabInstance: {fileID: 0}
  m_PrefabAsset: {fileID: 0}
  m_GameObject: {fileID: 1017425235}
  m_Enabled: 1
  m_CastShadows: 0
  m_ReceiveShadows: 1
  m_DynamicOccludee: 1
  m_StaticShadowCaster: 0
  m_MotionVectors: 0
  m_LightProbeUsage: 0
  m_ReflectionProbeUsage: 0
  m_RayTracingMode: 0
  m_RayTraceProcedural: 0
  m_RenderingLayerMask: 1
  m_RendererPriority: 0
  m_Materials:
  - {fileID: 10306, guid: 0000000000000000f000000000000000, type: 0}
  m_StaticBatchInfo:
    firstSubMesh: 0
    subMeshCount: 0
  m_StaticBatchRoot: {fileID: 0}
  m_ProbeAnchor: {fileID: 0}
  m_LightProbeVolumeOverride: {fileID: 0}
  m_ScaleInLightmap: 1
  m_ReceiveGI: 1
  m_PreserveUVs: 0
  m_IgnoreNormalsForChartDetection: 0
  m_ImportantGI: 0
  m_StitchLightmapSeams: 1
  m_SelectedEditorRenderState: 3
  m_MinimumChartSize: 4
  m_AutoUVMaxDistance: 0.5
  m_AutoUVMaxAngle: 89
  m_LightmapParameters: {fileID: 0}
  m_SortingLayerID: 0
  m_SortingLayer: 0
  m_SortingOrder: 0
  m_Time: 4
  m_Parameters:
    serializedVersion: 3
    widthMultiplier: 40
    widthCurve:
      serializedVersion: 2
      m_Curve:
      - serializedVersion: 3
        time: 0
        value: 0.13333201
        inSlope: 0.33660197
        outSlope: 0.33660197
        tangentMode: 0
        weightedMode: 0
        inWeight: 0.33333334
        outWeight: 0.10469156
      - serializedVersion: 3
        time: 1
        value: 0
        inSlope: -0.29134986
        outSlope: -0.29134986
        tangentMode: 0
        weightedMode: 0
        inWeight: 0.10560912
        outWeight: 0
      m_PreInfinity: 2
      m_PostInfinity: 2
      m_RotationOrder: 4
    colorGradient:
      serializedVersion: 2
      key0: {r: 1, g: 1, b: 1, a: 0.2509804}
      key1: {r: 1, g: 1, b: 1, a: 0}
      key2: {r: 0, g: 0, b: 0, a: 0}
      key3: {r: 0, g: 0, b: 0, a: 0}
      key4: {r: 0, g: 0, b: 0, a: 0}
      key5: {r: 0, g: 0, b: 0, a: 0}
      key6: {r: 0, g: 0, b: 0, a: 0}
      key7: {r: 0, g: 0, b: 0, a: 0}
      ctime0: 0
      ctime1: 65535
      ctime2: 0
      ctime3: 0
      ctime4: 0
      ctime5: 0
      ctime6: 0
      ctime7: 0
      atime0: 21395
      atime1: 65535
      atime2: 0
      atime3: 0
      atime4: 0
      atime5: 0
      atime6: 0
      atime7: 0
      m_Mode: 0
      m_NumColorKeys: 2
      m_NumAlphaKeys: 2
    numCornerVertices: 0
    numCapVertices: 0
    alignment: 1
    textureMode: 0
    shadowBias: 0.5
    generateLightingData: 0
  m_MinVertexDistance: 0.1
  m_Autodestruct: 0
  m_Emitting: 1
--- !u!1 &2836854594654344886
GameObject:
  m_ObjectHideFlags: 0
  m_CorrespondingSourceObject: {fileID: 0}
  m_PrefabInstance: {fileID: 0}
  m_PrefabAsset: {fileID: 0}
  serializedVersion: 6
  m_Component:
  - component: {fileID: 7740846581466330041}
  - component: {fileID: 3338490465386429241}
  - component: {fileID: 6961165604823020973}
  m_Layer: 8
  m_Name: SM_Veh_Boat_Large_Sails_02_Pirate
  m_TagString: Untagged
  m_Icon: {fileID: 0}
  m_NavMeshLayer: 0
  m_StaticEditorFlags: 0
  m_IsActive: 1
--- !u!4 &7740846581466330041
Transform:
  m_ObjectHideFlags: 0
  m_CorrespondingSourceObject: {fileID: 0}
  m_PrefabInstance: {fileID: 0}
  m_PrefabAsset: {fileID: 0}
  m_GameObject: {fileID: 2836854594654344886}
  m_LocalRotation: {x: 0, y: 0, z: 0, w: 1}
  m_LocalPosition: {x: -2.395665e-14, y: 1.8097359, z: 53.94558}
  m_LocalScale: {x: 1, y: 1, z: 1}
  m_ConstrainProportionsScale: 0
  m_Children: []
  m_Father: {fileID: 1917205280242551395}
  m_RootOrder: 0
  m_LocalEulerAnglesHint: {x: 0, y: 0, z: 0}
--- !u!33 &3338490465386429241
MeshFilter:
  m_ObjectHideFlags: 0
  m_CorrespondingSourceObject: {fileID: 0}
  m_PrefabInstance: {fileID: 0}
  m_PrefabAsset: {fileID: 0}
  m_GameObject: {fileID: 2836854594654344886}
  m_Mesh: {fileID: 4300008, guid: 173b7fce395e2da4db79b42662655b89, type: 3}
--- !u!23 &6961165604823020973
MeshRenderer:
  m_ObjectHideFlags: 0
  m_CorrespondingSourceObject: {fileID: 0}
  m_PrefabInstance: {fileID: 0}
  m_PrefabAsset: {fileID: 0}
  m_GameObject: {fileID: 2836854594654344886}
  m_Enabled: 1
  m_CastShadows: 1
  m_ReceiveShadows: 1
  m_DynamicOccludee: 1
  m_StaticShadowCaster: 0
  m_MotionVectors: 1
  m_LightProbeUsage: 1
  m_ReflectionProbeUsage: 1
  m_RayTracingMode: 2
  m_RayTraceProcedural: 0
  m_RenderingLayerMask: 1
  m_RendererPriority: 0
  m_Materials:
  - {fileID: 2100000, guid: 5e1235b2e417983469723d36f05de88d, type: 2}
  m_StaticBatchInfo:
    firstSubMesh: 0
    subMeshCount: 0
  m_StaticBatchRoot: {fileID: 0}
  m_ProbeAnchor: {fileID: 0}
  m_LightProbeVolumeOverride: {fileID: 0}
  m_ScaleInLightmap: 1
  m_ReceiveGI: 1
  m_PreserveUVs: 0
  m_IgnoreNormalsForChartDetection: 0
  m_ImportantGI: 0
  m_StitchLightmapSeams: 0
  m_SelectedEditorRenderState: 3
  m_MinimumChartSize: 4
  m_AutoUVMaxDistance: 0.5
  m_AutoUVMaxAngle: 89
  m_LightmapParameters: {fileID: 0}
  m_SortingLayerID: 0
  m_SortingLayer: 0
  m_SortingOrder: 0
  m_AdditionalVertexStreams: {fileID: 0}
--- !u!1 &2852129685565617202
GameObject:
  m_ObjectHideFlags: 0
  m_CorrespondingSourceObject: {fileID: 0}
  m_PrefabInstance: {fileID: 0}
  m_PrefabAsset: {fileID: 0}
  serializedVersion: 6
  m_Component:
  - component: {fileID: 4117549644269015040}
  - component: {fileID: 8269524658354009874}
  - component: {fileID: 8139151343151611336}
  - component: {fileID: 119518968}
  m_Layer: 8
  m_Name: SM_Veh_Boat_Large_Sails_03_Pirate
  m_TagString: Untagged
  m_Icon: {fileID: 0}
  m_NavMeshLayer: 0
  m_StaticEditorFlags: 0
  m_IsActive: 1
--- !u!4 &4117549644269015040
Transform:
  m_ObjectHideFlags: 0
  m_CorrespondingSourceObject: {fileID: 0}
  m_PrefabInstance: {fileID: 0}
  m_PrefabAsset: {fileID: 0}
  m_GameObject: {fileID: 2852129685565617202}
  m_LocalRotation: {x: 0, y: 0, z: 0, w: 1}
  m_LocalPosition: {x: -2.5769476e-14, y: -1.0753014, z: 58.027702}
  m_LocalScale: {x: 1, y: 1, z: 1}
  m_ConstrainProportionsScale: 0
  m_Children: []
  m_Father: {fileID: 5045712023932159271}
  m_RootOrder: 0
  m_LocalEulerAnglesHint: {x: 0, y: 0, z: 0}
--- !u!33 &8269524658354009874
MeshFilter:
  m_ObjectHideFlags: 0
  m_CorrespondingSourceObject: {fileID: 0}
  m_PrefabInstance: {fileID: 0}
  m_PrefabAsset: {fileID: 0}
  m_GameObject: {fileID: 2852129685565617202}
  m_Mesh: {fileID: 4300012, guid: 173b7fce395e2da4db79b42662655b89, type: 3}
--- !u!23 &8139151343151611336
MeshRenderer:
  m_ObjectHideFlags: 0
  m_CorrespondingSourceObject: {fileID: 0}
  m_PrefabInstance: {fileID: 0}
  m_PrefabAsset: {fileID: 0}
  m_GameObject: {fileID: 2852129685565617202}
  m_Enabled: 1
  m_CastShadows: 1
  m_ReceiveShadows: 1
  m_DynamicOccludee: 1
  m_StaticShadowCaster: 0
  m_MotionVectors: 1
  m_LightProbeUsage: 1
  m_ReflectionProbeUsage: 1
  m_RayTracingMode: 2
  m_RayTraceProcedural: 0
  m_RenderingLayerMask: 1
  m_RendererPriority: 0
  m_Materials:
  - {fileID: 2100000, guid: 5e1235b2e417983469723d36f05de88d, type: 2}
  m_StaticBatchInfo:
    firstSubMesh: 0
    subMeshCount: 0
  m_StaticBatchRoot: {fileID: 0}
  m_ProbeAnchor: {fileID: 0}
  m_LightProbeVolumeOverride: {fileID: 0}
  m_ScaleInLightmap: 1
  m_ReceiveGI: 1
  m_PreserveUVs: 0
  m_IgnoreNormalsForChartDetection: 0
  m_ImportantGI: 0
  m_StitchLightmapSeams: 0
  m_SelectedEditorRenderState: 3
  m_MinimumChartSize: 4
  m_AutoUVMaxDistance: 0.5
  m_AutoUVMaxAngle: 89
  m_LightmapParameters: {fileID: 0}
  m_SortingLayerID: 0
  m_SortingLayer: 0
  m_SortingOrder: 0
  m_AdditionalVertexStreams: {fileID: 0}
--- !u!64 &119518968
MeshCollider:
  m_ObjectHideFlags: 0
  m_CorrespondingSourceObject: {fileID: 0}
  m_PrefabInstance: {fileID: 0}
  m_PrefabAsset: {fileID: 0}
  m_GameObject: {fileID: 2852129685565617202}
  m_Material: {fileID: 0}
  m_IsTrigger: 0
  m_Enabled: 1
  serializedVersion: 4
  m_Convex: 1
  m_CookingOptions: 30
  m_Mesh: {fileID: 4300012, guid: 173b7fce395e2da4db79b42662655b89, type: 3}
--- !u!1 &5062926879122546001
GameObject:
  m_ObjectHideFlags: 0
  m_CorrespondingSourceObject: {fileID: 0}
  m_PrefabInstance: {fileID: 0}
  m_PrefabAsset: {fileID: 0}
  serializedVersion: 6
  m_Component:
  - component: {fileID: 1917205280242551395}
  - component: {fileID: 3875712816766289272}
  - component: {fileID: 9102717929238305601}
  - component: {fileID: 684787637698522551}
  - component: {fileID: 1685319293022726985}
  - component: {fileID: 5647844675104343136}
  - component: {fileID: 8855504715868196776}
  - component: {fileID: 119518966}
  m_Layer: 8
  m_Name: SMVeh__Boat_Large_Mast_02_Pirate
  m_TagString: Untagged
  m_Icon: {fileID: 0}
  m_NavMeshLayer: 0
  m_StaticEditorFlags: 0
  m_IsActive: 1
--- !u!4 &1917205280242551395
Transform:
  m_ObjectHideFlags: 0
  m_CorrespondingSourceObject: {fileID: 0}
  m_PrefabInstance: {fileID: 0}
  m_PrefabAsset: {fileID: 0}
  m_GameObject: {fileID: 5062926879122546001}
  m_LocalRotation: {x: -0, y: -0, z: -0, w: 1}
  m_LocalPosition: {x: 0, y: 2.3606694, z: 5.603986}
  m_LocalScale: {x: 1, y: 1, z: 1}
  m_ConstrainProportionsScale: 0
  m_Children:
  - {fileID: 7740846581466330041}
  m_Father: {fileID: 2243128234661794449}
  m_RootOrder: 8
  m_LocalEulerAnglesHint: {x: 0, y: 0, z: 0}
--- !u!33 &3875712816766289272
MeshFilter:
  m_ObjectHideFlags: 0
  m_CorrespondingSourceObject: {fileID: 0}
  m_PrefabInstance: {fileID: 0}
  m_PrefabAsset: {fileID: 0}
  m_GameObject: {fileID: 5062926879122546001}
  m_Mesh: {fileID: 4300006, guid: 173b7fce395e2da4db79b42662655b89, type: 3}
--- !u!23 &9102717929238305601
MeshRenderer:
  m_ObjectHideFlags: 0
  m_CorrespondingSourceObject: {fileID: 0}
  m_PrefabInstance: {fileID: 0}
  m_PrefabAsset: {fileID: 0}
  m_GameObject: {fileID: 5062926879122546001}
  m_Enabled: 1
  m_CastShadows: 1
  m_ReceiveShadows: 1
  m_DynamicOccludee: 1
  m_StaticShadowCaster: 0
  m_MotionVectors: 1
  m_LightProbeUsage: 1
  m_ReflectionProbeUsage: 1
  m_RayTracingMode: 2
  m_RayTraceProcedural: 0
  m_RenderingLayerMask: 1
  m_RendererPriority: 0
  m_Materials:
  - {fileID: 2100000, guid: 5e1235b2e417983469723d36f05de88d, type: 2}
  m_StaticBatchInfo:
    firstSubMesh: 0
    subMeshCount: 0
  m_StaticBatchRoot: {fileID: 0}
  m_ProbeAnchor: {fileID: 0}
  m_LightProbeVolumeOverride: {fileID: 0}
  m_ScaleInLightmap: 1
  m_ReceiveGI: 1
  m_PreserveUVs: 0
  m_IgnoreNormalsForChartDetection: 0
  m_ImportantGI: 0
  m_StitchLightmapSeams: 0
  m_SelectedEditorRenderState: 3
  m_MinimumChartSize: 4
  m_AutoUVMaxDistance: 0.5
  m_AutoUVMaxAngle: 89
  m_LightmapParameters: {fileID: 0}
  m_SortingLayerID: 0
  m_SortingLayer: 0
  m_SortingOrder: 0
  m_AdditionalVertexStreams: {fileID: 0}
--- !u!64 &684787637698522551
MeshCollider:
  m_ObjectHideFlags: 0
  m_CorrespondingSourceObject: {fileID: 0}
  m_PrefabInstance: {fileID: 0}
  m_PrefabAsset: {fileID: 0}
  m_GameObject: {fileID: 5062926879122546001}
  m_Material: {fileID: 0}
  m_IsTrigger: 0
  m_Enabled: 0
  serializedVersion: 4
  m_Convex: 1
  m_CookingOptions: 30
  m_Mesh: {fileID: 43188956971303742, guid: 695e6cd3e6408ad42a63a9c31f0e2735, type: 2}
--- !u!64 &1685319293022726985
MeshCollider:
  m_ObjectHideFlags: 0
  m_CorrespondingSourceObject: {fileID: 0}
  m_PrefabInstance: {fileID: 0}
  m_PrefabAsset: {fileID: 0}
  m_GameObject: {fileID: 5062926879122546001}
  m_Material: {fileID: 0}
  m_IsTrigger: 0
  m_Enabled: 0
  serializedVersion: 4
  m_Convex: 1
  m_CookingOptions: 30
  m_Mesh: {fileID: 43180350302952654, guid: 695e6cd3e6408ad42a63a9c31f0e2735, type: 2}
--- !u!64 &5647844675104343136
MeshCollider:
  m_ObjectHideFlags: 0
  m_CorrespondingSourceObject: {fileID: 0}
  m_PrefabInstance: {fileID: 0}
  m_PrefabAsset: {fileID: 0}
  m_GameObject: {fileID: 5062926879122546001}
  m_Material: {fileID: 0}
  m_IsTrigger: 0
  m_Enabled: 0
  serializedVersion: 4
  m_Convex: 1
  m_CookingOptions: 30
  m_Mesh: {fileID: 43736744068670214, guid: 695e6cd3e6408ad42a63a9c31f0e2735, type: 2}
--- !u!64 &8855504715868196776
MeshCollider:
  m_ObjectHideFlags: 0
  m_CorrespondingSourceObject: {fileID: 0}
  m_PrefabInstance: {fileID: 0}
  m_PrefabAsset: {fileID: 0}
  m_GameObject: {fileID: 5062926879122546001}
  m_Material: {fileID: 0}
  m_IsTrigger: 0
  m_Enabled: 0
  serializedVersion: 4
  m_Convex: 1
  m_CookingOptions: 30
  m_Mesh: {fileID: 43143746786380054, guid: 695e6cd3e6408ad42a63a9c31f0e2735, type: 2}
--- !u!64 &119518966
MeshCollider:
  m_ObjectHideFlags: 0
  m_CorrespondingSourceObject: {fileID: 0}
  m_PrefabInstance: {fileID: 0}
  m_PrefabAsset: {fileID: 0}
  m_GameObject: {fileID: 5062926879122546001}
  m_Material: {fileID: 0}
  m_IsTrigger: 0
  m_Enabled: 1
  serializedVersion: 4
  m_Convex: 1
  m_CookingOptions: 30
  m_Mesh: {fileID: 4300006, guid: 173b7fce395e2da4db79b42662655b89, type: 3}
--- !u!1 &6475692552803532020
GameObject:
  m_ObjectHideFlags: 0
  m_CorrespondingSourceObject: {fileID: 0}
  m_PrefabInstance: {fileID: 0}
  m_PrefabAsset: {fileID: 0}
  serializedVersion: 6
  m_Component:
  - component: {fileID: 7907006544718569638}
  - component: {fileID: 402785895551070073}
  - component: {fileID: 7490566731080330249}
  m_Layer: 0
  m_Name: SM_Veh_Boat_Large_Mast_SailUp_01_Pirate
  m_TagString: Untagged
  m_Icon: {fileID: 0}
  m_NavMeshLayer: 0
  m_StaticEditorFlags: 0
  m_IsActive: 0
--- !u!4 &7907006544718569638
Transform:
  m_ObjectHideFlags: 0
  m_CorrespondingSourceObject: {fileID: 0}
  m_PrefabInstance: {fileID: 0}
  m_PrefabAsset: {fileID: 0}
  m_GameObject: {fileID: 6475692552803532020}
  m_LocalRotation: {x: -0, y: -0, z: -0, w: 1}
  m_LocalPosition: {x: 0, y: 2.415982, z: -1.400708}
  m_LocalScale: {x: 1, y: 1, z: 1}
  m_ConstrainProportionsScale: 0
  m_Children: []
  m_Father: {fileID: 2243128234661794449}
  m_RootOrder: 6
  m_LocalEulerAnglesHint: {x: 0, y: 0, z: 0}
--- !u!33 &402785895551070073
MeshFilter:
  m_ObjectHideFlags: 0
  m_CorrespondingSourceObject: {fileID: 0}
  m_PrefabInstance: {fileID: 0}
  m_PrefabAsset: {fileID: 0}
  m_GameObject: {fileID: 6475692552803532020}
  m_Mesh: {fileID: 4300016, guid: 173b7fce395e2da4db79b42662655b89, type: 3}
--- !u!23 &7490566731080330249
MeshRenderer:
  m_ObjectHideFlags: 0
  m_CorrespondingSourceObject: {fileID: 0}
  m_PrefabInstance: {fileID: 0}
  m_PrefabAsset: {fileID: 0}
  m_GameObject: {fileID: 6475692552803532020}
  m_Enabled: 1
  m_CastShadows: 1
  m_ReceiveShadows: 1
  m_DynamicOccludee: 1
  m_StaticShadowCaster: 0
  m_MotionVectors: 1
  m_LightProbeUsage: 1
  m_ReflectionProbeUsage: 1
  m_RayTracingMode: 2
  m_RayTraceProcedural: 0
  m_RenderingLayerMask: 1
  m_RendererPriority: 0
  m_Materials:
  - {fileID: 2100000, guid: 5e1235b2e417983469723d36f05de88d, type: 2}
  m_StaticBatchInfo:
    firstSubMesh: 0
    subMeshCount: 0
  m_StaticBatchRoot: {fileID: 0}
  m_ProbeAnchor: {fileID: 0}
  m_LightProbeVolumeOverride: {fileID: 0}
  m_ScaleInLightmap: 1
  m_ReceiveGI: 1
  m_PreserveUVs: 0
  m_IgnoreNormalsForChartDetection: 0
  m_ImportantGI: 0
  m_StitchLightmapSeams: 0
  m_SelectedEditorRenderState: 3
  m_MinimumChartSize: 4
  m_AutoUVMaxDistance: 0.5
  m_AutoUVMaxAngle: 89
  m_LightmapParameters: {fileID: 0}
  m_SortingLayerID: 0
  m_SortingLayer: 0
  m_SortingOrder: 0
  m_AdditionalVertexStreams: {fileID: 0}
--- !u!1 &6531977380319957032
GameObject:
  m_ObjectHideFlags: 0
  m_CorrespondingSourceObject: {fileID: 0}
  m_PrefabInstance: {fileID: 0}
  m_PrefabAsset: {fileID: 0}
  serializedVersion: 6
  m_Component:
  - component: {fileID: 2243128234661794449}
  m_Layer: 6
  m_Name: DepthAdjuster
  m_TagString: Untagged
  m_Icon: {fileID: 0}
  m_NavMeshLayer: 0
  m_StaticEditorFlags: 0
  m_IsActive: 1
--- !u!4 &2243128234661794449
Transform:
  m_ObjectHideFlags: 0
  m_CorrespondingSourceObject: {fileID: 0}
  m_PrefabInstance: {fileID: 0}
  m_PrefabAsset: {fileID: 0}
  m_GameObject: {fileID: 6531977380319957032}
  m_LocalRotation: {x: 0, y: 0, z: 0, w: 1}
  m_LocalPosition: {x: 0, y: -1.16, z: 0}
  m_LocalScale: {x: 1, y: 1, z: 1}
  m_ConstrainProportionsScale: 0
  m_Children:
  - {fileID: 8364748786022427540}
  - {fileID: 8364748786313230132}
  - {fileID: 8364748786463306761}
  - {fileID: 5045712023932159271}
  - {fileID: 7369390849921170259}
  - {fileID: 1009906807604390148}
  - {fileID: 7907006544718569638}
  - {fileID: 1192402087181935581}
  - {fileID: 1917205280242551395}
  m_Father: {fileID: 8364748786313310596}
  m_RootOrder: 0
  m_LocalEulerAnglesHint: {x: 0, y: 0, z: 0}
--- !u!1 &7358686928074491224
GameObject:
  m_ObjectHideFlags: 0
  m_CorrespondingSourceObject: {fileID: 0}
  m_PrefabInstance: {fileID: 0}
  m_PrefabAsset: {fileID: 0}
  serializedVersion: 6
  m_Component:
  - component: {fileID: 1192402087181935581}
  - component: {fileID: 8006522742225100989}
  - component: {fileID: 8254021260460674589}
  m_Layer: 0
  m_Name: SM_Veh_Boat_Large_Mast_SailUp_02_Pirate
  m_TagString: Untagged
  m_Icon: {fileID: 0}
  m_NavMeshLayer: 0
  m_StaticEditorFlags: 0
  m_IsActive: 0
--- !u!4 &1192402087181935581
Transform:
  m_ObjectHideFlags: 0
  m_CorrespondingSourceObject: {fileID: 0}
  m_PrefabInstance: {fileID: 0}
  m_PrefabAsset: {fileID: 0}
  m_GameObject: {fileID: 7358686928074491224}
  m_LocalRotation: {x: -0, y: -0, z: -0, w: 1}
  m_LocalPosition: {x: 0, y: 2.3606694, z: 5.603986}
  m_LocalScale: {x: 1, y: 1, z: 1}
  m_ConstrainProportionsScale: 0
  m_Children: []
  m_Father: {fileID: 2243128234661794449}
  m_RootOrder: 7
  m_LocalEulerAnglesHint: {x: 0, y: 0, z: 0}
--- !u!33 &8006522742225100989
MeshFilter:
  m_ObjectHideFlags: 0
  m_CorrespondingSourceObject: {fileID: 0}
  m_PrefabInstance: {fileID: 0}
  m_PrefabAsset: {fileID: 0}
  m_GameObject: {fileID: 7358686928074491224}
  m_Mesh: {fileID: 4300018, guid: 173b7fce395e2da4db79b42662655b89, type: 3}
--- !u!23 &8254021260460674589
MeshRenderer:
  m_ObjectHideFlags: 0
  m_CorrespondingSourceObject: {fileID: 0}
  m_PrefabInstance: {fileID: 0}
  m_PrefabAsset: {fileID: 0}
  m_GameObject: {fileID: 7358686928074491224}
  m_Enabled: 1
  m_CastShadows: 1
  m_ReceiveShadows: 1
  m_DynamicOccludee: 1
  m_StaticShadowCaster: 0
  m_MotionVectors: 1
  m_LightProbeUsage: 1
  m_ReflectionProbeUsage: 1
  m_RayTracingMode: 2
  m_RayTraceProcedural: 0
  m_RenderingLayerMask: 1
  m_RendererPriority: 0
  m_Materials:
  - {fileID: 2100000, guid: 5e1235b2e417983469723d36f05de88d, type: 2}
  m_StaticBatchInfo:
    firstSubMesh: 0
    subMeshCount: 0
  m_StaticBatchRoot: {fileID: 0}
  m_ProbeAnchor: {fileID: 0}
  m_LightProbeVolumeOverride: {fileID: 0}
  m_ScaleInLightmap: 1
  m_ReceiveGI: 1
  m_PreserveUVs: 0
  m_IgnoreNormalsForChartDetection: 0
  m_ImportantGI: 0
  m_StitchLightmapSeams: 0
  m_SelectedEditorRenderState: 3
  m_MinimumChartSize: 4
  m_AutoUVMaxDistance: 0.5
  m_AutoUVMaxAngle: 89
  m_LightmapParameters: {fileID: 0}
  m_SortingLayerID: 0
  m_SortingLayer: 0
  m_SortingOrder: 0
  m_AdditionalVertexStreams: {fileID: 0}
--- !u!1 &7796466504778830741
GameObject:
  m_ObjectHideFlags: 0
  m_CorrespondingSourceObject: {fileID: 0}
  m_PrefabInstance: {fileID: 0}
  m_PrefabAsset: {fileID: 0}
  serializedVersion: 6
  m_Component:
  - component: {fileID: 1399041225028464680}
  - component: {fileID: 1431991712180274037}
  - component: {fileID: 5566880820977619628}
  m_Layer: 8
  m_Name: SM_Veh_Boat_Large_Sails_01_Pirate
  m_TagString: Untagged
  m_Icon: {fileID: 0}
  m_NavMeshLayer: 0
  m_StaticEditorFlags: 0
  m_IsActive: 1
--- !u!4 &1399041225028464680
Transform:
  m_ObjectHideFlags: 0
  m_CorrespondingSourceObject: {fileID: 0}
  m_PrefabInstance: {fileID: 0}
  m_PrefabAsset: {fileID: 0}
  m_GameObject: {fileID: 7796466504778830741}
  m_LocalRotation: {x: 0, y: 0, z: 0, w: 1}
  m_LocalPosition: {x: 0.000000024737917, y: 1.7544231, z: 60.950275}
  m_LocalScale: {x: 1, y: 1, z: 1}
  m_ConstrainProportionsScale: 0
  m_Children: []
  m_Father: {fileID: 1009906807604390148}
  m_RootOrder: 0
  m_LocalEulerAnglesHint: {x: 0, y: 0, z: 0}
--- !u!33 &1431991712180274037
MeshFilter:
  m_ObjectHideFlags: 0
  m_CorrespondingSourceObject: {fileID: 0}
  m_PrefabInstance: {fileID: 0}
  m_PrefabAsset: {fileID: 0}
  m_GameObject: {fileID: 7796466504778830741}
  m_Mesh: {fileID: 4300004, guid: 173b7fce395e2da4db79b42662655b89, type: 3}
--- !u!23 &5566880820977619628
MeshRenderer:
  m_ObjectHideFlags: 0
  m_CorrespondingSourceObject: {fileID: 0}
  m_PrefabInstance: {fileID: 0}
  m_PrefabAsset: {fileID: 0}
  m_GameObject: {fileID: 7796466504778830741}
  m_Enabled: 1
  m_CastShadows: 1
  m_ReceiveShadows: 1
  m_DynamicOccludee: 1
  m_StaticShadowCaster: 0
  m_MotionVectors: 1
  m_LightProbeUsage: 1
  m_ReflectionProbeUsage: 1
  m_RayTracingMode: 2
  m_RayTraceProcedural: 0
  m_RenderingLayerMask: 1
  m_RendererPriority: 0
  m_Materials:
  - {fileID: 2100000, guid: 5e1235b2e417983469723d36f05de88d, type: 2}
  m_StaticBatchInfo:
    firstSubMesh: 0
    subMeshCount: 0
  m_StaticBatchRoot: {fileID: 0}
  m_ProbeAnchor: {fileID: 0}
  m_LightProbeVolumeOverride: {fileID: 0}
  m_ScaleInLightmap: 1
  m_ReceiveGI: 1
  m_PreserveUVs: 0
  m_IgnoreNormalsForChartDetection: 0
  m_ImportantGI: 0
  m_StitchLightmapSeams: 0
  m_SelectedEditorRenderState: 3
  m_MinimumChartSize: 4
  m_AutoUVMaxDistance: 0.5
  m_AutoUVMaxAngle: 89
  m_LightmapParameters: {fileID: 0}
  m_SortingLayerID: 0
  m_SortingLayer: 0
  m_SortingOrder: 0
  m_AdditionalVertexStreams: {fileID: 0}
--- !u!1 &7862326186909174804
GameObject:
  m_ObjectHideFlags: 0
  m_CorrespondingSourceObject: {fileID: 0}
  m_PrefabInstance: {fileID: 0}
  m_PrefabAsset: {fileID: 0}
  serializedVersion: 6
  m_Component:
  - component: {fileID: 7369390849921170259}
  - component: {fileID: 7333533972634454859}
  - component: {fileID: 6306174055110632548}
  m_Layer: 0
  m_Name: SM_Veh_Boat_Large_Front_SailUp_01_Pirate
  m_TagString: Untagged
  m_Icon: {fileID: 0}
  m_NavMeshLayer: 0
  m_StaticEditorFlags: 0
  m_IsActive: 0
--- !u!4 &7369390849921170259
Transform:
  m_ObjectHideFlags: 0
  m_CorrespondingSourceObject: {fileID: 0}
  m_PrefabInstance: {fileID: 0}
  m_PrefabAsset: {fileID: 0}
  m_GameObject: {fileID: 7862326186909174804}
  m_LocalRotation: {x: -0, y: -0, z: -0, w: 1}
  m_LocalPosition: {x: 0, y: 5.2457066, z: 1.521863}
  m_LocalScale: {x: 1, y: 1, z: 1}
  m_ConstrainProportionsScale: 0
  m_Children: []
  m_Father: {fileID: 2243128234661794449}
  m_RootOrder: 4
  m_LocalEulerAnglesHint: {x: 0, y: 0, z: 0}
--- !u!33 &7333533972634454859
MeshFilter:
  m_ObjectHideFlags: 0
  m_CorrespondingSourceObject: {fileID: 0}
  m_PrefabInstance: {fileID: 0}
  m_PrefabAsset: {fileID: 0}
  m_GameObject: {fileID: 7862326186909174804}
  m_Mesh: {fileID: 4300014, guid: 173b7fce395e2da4db79b42662655b89, type: 3}
--- !u!23 &6306174055110632548
MeshRenderer:
  m_ObjectHideFlags: 0
  m_CorrespondingSourceObject: {fileID: 0}
  m_PrefabInstance: {fileID: 0}
  m_PrefabAsset: {fileID: 0}
  m_GameObject: {fileID: 7862326186909174804}
  m_Enabled: 1
  m_CastShadows: 1
  m_ReceiveShadows: 1
  m_DynamicOccludee: 1
  m_StaticShadowCaster: 0
  m_MotionVectors: 1
  m_LightProbeUsage: 1
  m_ReflectionProbeUsage: 1
  m_RayTracingMode: 2
  m_RayTraceProcedural: 0
  m_RenderingLayerMask: 1
  m_RendererPriority: 0
  m_Materials:
  - {fileID: 2100000, guid: 5e1235b2e417983469723d36f05de88d, type: 2}
  m_StaticBatchInfo:
    firstSubMesh: 0
    subMeshCount: 0
  m_StaticBatchRoot: {fileID: 0}
  m_ProbeAnchor: {fileID: 0}
  m_LightProbeVolumeOverride: {fileID: 0}
  m_ScaleInLightmap: 1
  m_ReceiveGI: 1
  m_PreserveUVs: 0
  m_IgnoreNormalsForChartDetection: 0
  m_ImportantGI: 0
  m_StitchLightmapSeams: 0
  m_SelectedEditorRenderState: 3
  m_MinimumChartSize: 4
  m_AutoUVMaxDistance: 0.5
  m_AutoUVMaxAngle: 89
  m_LightmapParameters: {fileID: 0}
  m_SortingLayerID: 0
  m_SortingLayer: 0
  m_SortingOrder: 0
  m_AdditionalVertexStreams: {fileID: 0}
--- !u!1 &7930870489190431928
GameObject:
  m_ObjectHideFlags: 0
  m_CorrespondingSourceObject: {fileID: 0}
  m_PrefabInstance: {fileID: 0}
  m_PrefabAsset: {fileID: 0}
  serializedVersion: 6
  m_Component:
  - component: {fileID: 5045712023932159271}
  - component: {fileID: 6340974986431605340}
  - component: {fileID: 1353976356401637585}
  m_Layer: 8
  m_Name: SM_Veh_Boat_Large_Front_SailRigging_01_Pirate
  m_TagString: Untagged
  m_Icon: {fileID: 0}
  m_NavMeshLayer: 0
  m_StaticEditorFlags: 0
  m_IsActive: 1
--- !u!4 &5045712023932159271
Transform:
  m_ObjectHideFlags: 0
  m_CorrespondingSourceObject: {fileID: 0}
  m_PrefabInstance: {fileID: 0}
  m_PrefabAsset: {fileID: 0}
  m_GameObject: {fileID: 7930870489190431928}
  m_LocalRotation: {x: -0, y: -0, z: -0, w: 1}
  m_LocalPosition: {x: 0, y: 5.2457066, z: 1.521863}
  m_LocalScale: {x: 1, y: 1, z: 1}
  m_ConstrainProportionsScale: 0
  m_Children:
  - {fileID: 4117549644269015040}
  m_Father: {fileID: 2243128234661794449}
  m_RootOrder: 3
  m_LocalEulerAnglesHint: {x: 0, y: 0, z: 0}
--- !u!33 &6340974986431605340
MeshFilter:
  m_ObjectHideFlags: 0
  m_CorrespondingSourceObject: {fileID: 0}
  m_PrefabInstance: {fileID: 0}
  m_PrefabAsset: {fileID: 0}
  m_GameObject: {fileID: 7930870489190431928}
  m_Mesh: {fileID: 4300010, guid: 173b7fce395e2da4db79b42662655b89, type: 3}
--- !u!23 &1353976356401637585
MeshRenderer:
  m_ObjectHideFlags: 0
  m_CorrespondingSourceObject: {fileID: 0}
  m_PrefabInstance: {fileID: 0}
  m_PrefabAsset: {fileID: 0}
  m_GameObject: {fileID: 7930870489190431928}
  m_Enabled: 1
  m_CastShadows: 1
  m_ReceiveShadows: 1
  m_DynamicOccludee: 1
  m_StaticShadowCaster: 0
  m_MotionVectors: 1
  m_LightProbeUsage: 1
  m_ReflectionProbeUsage: 1
  m_RayTracingMode: 2
  m_RayTraceProcedural: 0
  m_RenderingLayerMask: 1
  m_RendererPriority: 0
  m_Materials:
  - {fileID: 2100000, guid: 5e1235b2e417983469723d36f05de88d, type: 2}
  m_StaticBatchInfo:
    firstSubMesh: 0
    subMeshCount: 0
  m_StaticBatchRoot: {fileID: 0}
  m_ProbeAnchor: {fileID: 0}
  m_LightProbeVolumeOverride: {fileID: 0}
  m_ScaleInLightmap: 1
  m_ReceiveGI: 1
  m_PreserveUVs: 0
  m_IgnoreNormalsForChartDetection: 0
  m_ImportantGI: 0
  m_StitchLightmapSeams: 0
  m_SelectedEditorRenderState: 3
  m_MinimumChartSize: 4
  m_AutoUVMaxDistance: 0.5
  m_AutoUVMaxAngle: 89
  m_LightmapParameters: {fileID: 0}
  m_SortingLayerID: 0
  m_SortingLayer: 0
  m_SortingOrder: 0
  m_AdditionalVertexStreams: {fileID: 0}
--- !u!1 &8364748786022427543
GameObject:
  m_ObjectHideFlags: 0
  m_CorrespondingSourceObject: {fileID: 0}
  m_PrefabInstance: {fileID: 0}
  m_PrefabAsset: {fileID: 0}
  serializedVersion: 6
  m_Component:
  - component: {fileID: 8364748786022427540}
  - component: {fileID: 8364748786022427539}
  - component: {fileID: 8364748786022427538}
  - component: {fileID: 8364748786022427541}
  m_Layer: 9
  m_Name: Ship_Large_Model
  m_TagString: Untagged
  m_Icon: {fileID: 0}
  m_NavMeshLayer: 0
  m_StaticEditorFlags: 0
  m_IsActive: 1
--- !u!4 &8364748786022427540
Transform:
  m_ObjectHideFlags: 0
  m_CorrespondingSourceObject: {fileID: 0}
  m_PrefabInstance: {fileID: 0}
  m_PrefabAsset: {fileID: 0}
  m_GameObject: {fileID: 8364748786022427543}
  m_LocalRotation: {x: -0, y: -0, z: -0, w: 1}
  m_LocalPosition: {x: 0, y: 0, z: 0}
  m_LocalScale: {x: 1, y: 1, z: 1}
  m_ConstrainProportionsScale: 1
  m_Children: []
  m_Father: {fileID: 2243128234661794449}
  m_RootOrder: 0
  m_LocalEulerAnglesHint: {x: 0, y: 0, z: 0}
--- !u!33 &8364748786022427539
MeshFilter:
  m_ObjectHideFlags: 0
  m_CorrespondingSourceObject: {fileID: 0}
  m_PrefabInstance: {fileID: 0}
  m_PrefabAsset: {fileID: 0}
  m_GameObject: {fileID: 8364748786022427543}
  m_Mesh: {fileID: 4300000, guid: 8dd6d1638da6f31428a66d394bc274f8, type: 3}
--- !u!23 &8364748786022427538
MeshRenderer:
  m_ObjectHideFlags: 0
  m_CorrespondingSourceObject: {fileID: 0}
  m_PrefabInstance: {fileID: 0}
  m_PrefabAsset: {fileID: 0}
  m_GameObject: {fileID: 8364748786022427543}
  m_Enabled: 1
  m_CastShadows: 1
  m_ReceiveShadows: 1
  m_DynamicOccludee: 1
  m_StaticShadowCaster: 0
  m_MotionVectors: 1
  m_LightProbeUsage: 1
  m_ReflectionProbeUsage: 1
  m_RayTracingMode: 2
  m_RayTraceProcedural: 0
  m_RenderingLayerMask: 1
  m_RendererPriority: 0
  m_Materials:
  - {fileID: 2100000, guid: 5e1235b2e417983469723d36f05de88d, type: 2}
  m_StaticBatchInfo:
    firstSubMesh: 0
    subMeshCount: 0
  m_StaticBatchRoot: {fileID: 0}
  m_ProbeAnchor: {fileID: 0}
  m_LightProbeVolumeOverride: {fileID: 0}
  m_ScaleInLightmap: 1
  m_ReceiveGI: 1
  m_PreserveUVs: 0
  m_IgnoreNormalsForChartDetection: 0
  m_ImportantGI: 0
  m_StitchLightmapSeams: 0
  m_SelectedEditorRenderState: 3
  m_MinimumChartSize: 4
  m_AutoUVMaxDistance: 0.5
  m_AutoUVMaxAngle: 89
  m_LightmapParameters: {fileID: 0}
  m_SortingLayerID: 0
  m_SortingLayer: 0
  m_SortingOrder: 0
  m_AdditionalVertexStreams: {fileID: 0}
--- !u!64 &8364748786022427541
MeshCollider:
  m_ObjectHideFlags: 0
  m_CorrespondingSourceObject: {fileID: 0}
  m_PrefabInstance: {fileID: 0}
  m_PrefabAsset: {fileID: 0}
  m_GameObject: {fileID: 8364748786022427543}
  m_Material: {fileID: 0}
  m_IsTrigger: 0
  m_Enabled: 1
  serializedVersion: 4
  m_Convex: 1
  m_CookingOptions: 30
  m_Mesh: {fileID: 4300000, guid: 34f1a28e97fa40b48845cac26b338e8c, type: 3}
--- !u!1 &8364748786313025404
GameObject:
  m_ObjectHideFlags: 0
  m_CorrespondingSourceObject: {fileID: 0}
  m_PrefabInstance: {fileID: 0}
  m_PrefabAsset: {fileID: 0}
  serializedVersion: 6
  m_Component:
  - component: {fileID: 8364748786313310596}
  - component: {fileID: 8364748786313310595}
  - component: {fileID: 7826630493860534328}
  - component: {fileID: 472939272}
  - component: {fileID: 119518969}
  m_Layer: 6
  m_Name: Ship_Large
  m_TagString: Untagged
  m_Icon: {fileID: 0}
  m_NavMeshLayer: 0
  m_StaticEditorFlags: 0
  m_IsActive: 1
--- !u!4 &8364748786313310596
Transform:
  m_ObjectHideFlags: 0
  m_CorrespondingSourceObject: {fileID: 0}
  m_PrefabInstance: {fileID: 0}
  m_PrefabAsset: {fileID: 0}
  m_GameObject: {fileID: 8364748786313025404}
  m_LocalRotation: {x: 0, y: 0, z: 0, w: 1}
  m_LocalPosition: {x: 0, y: 0, z: 0}
  m_LocalScale: {x: 1, y: 1, z: 1}
  m_ConstrainProportionsScale: 1
  m_Children:
  - {fileID: 2243128234661794449}
  - {fileID: 1017425236}
  m_Father: {fileID: 0}
  m_RootOrder: 0
  m_LocalEulerAnglesHint: {x: 0, y: 0, z: 0}
--- !u!54 &8364748786313310595
Rigidbody:
  m_ObjectHideFlags: 0
  m_CorrespondingSourceObject: {fileID: 0}
  m_PrefabInstance: {fileID: 0}
  m_PrefabAsset: {fileID: 0}
  m_GameObject: {fileID: 8364748786313025404}
  serializedVersion: 2
  m_Mass: 1
  m_Drag: 0
  m_AngularDrag: 0.05
  m_UseGravity: 0
  m_IsKinematic: 0
  m_Interpolate: 0
  m_Constraints: 84
  m_CollisionDetection: 0
--- !u!114 &7826630493860534328
MonoBehaviour:
  m_ObjectHideFlags: 0
  m_CorrespondingSourceObject: {fileID: 0}
  m_PrefabInstance: {fileID: 0}
  m_PrefabAsset: {fileID: 0}
  m_GameObject: {fileID: 8364748786313025404}
  m_Enabled: 1
  m_EditorHideFlags: 0
  m_Script: {fileID: 11500000, guid: 67a3804e5022ea8458c1fbc1429a0739, type: 3}
  m_Name: 
  m_EditorClassIdentifier: 
--- !u!114 &472939272
MonoBehaviour:
  m_ObjectHideFlags: 0
  m_CorrespondingSourceObject: {fileID: 0}
  m_PrefabInstance: {fileID: 0}
  m_PrefabAsset: {fileID: 0}
  m_GameObject: {fileID: 8364748786313025404}
  m_Enabled: 1
  m_EditorHideFlags: 0
  m_Script: {fileID: 11500000, guid: 3478b301e945e1c4d8b72f44fef6dbab, type: 3}
  m_Name: 
  m_EditorClassIdentifier: 
  info:
    title: Info
    text: The boatswain (pronounced <i>BO-sun</i>) was in charge of sails aboard
      ship. In this game, the boatswain manages deploying and stowing the sail as
      well as repairing sails when needed (repair speed depends on # of crew.).
    showAsFoldout: 1
    foldoutOpenByDefault: 0
  _sailsUp: 1
  sailsUpObjects:
  - {fileID: 7930870489190431928}
  - {fileID: 8411209326841002782}
  - {fileID: 5062926879122546001}
  sailsDownObjects:
  - {fileID: 7862326186909174804}
  - {fileID: 6475692552803532020}
  - {fileID: 7358686928074491224}
--- !u!114 &119518969
MonoBehaviour:
  m_ObjectHideFlags: 0
  m_CorrespondingSourceObject: {fileID: 0}
  m_PrefabInstance: {fileID: 0}
  m_PrefabAsset: {fileID: 0}
  m_GameObject: {fileID: 8364748786313025404}
  m_Enabled: 1
  m_EditorHideFlags: 0
  m_Script: {fileID: 11500000, guid: 0e30716a502df3c4cad221a96185096b, type: 3}
  m_Name: 
  m_EditorClassIdentifier: 
  cannonPairs:
  - port: {fileID: 605349701972205771}
    starboard: {fileID: 5730403346321267541}
  - port: {fileID: 605349701647876787}
    starboard: {fileID: 605349702329885183}
  - port: {fileID: 605349701729729213}
    starboard: {fileID: 605349702693655786}
  - port: {fileID: 605349702322731735}
    starboard: {fileID: 605349701037878102}
  - port: {fileID: 605349701633583253}
    starboard: {fileID: 605349701831526963}
  ship: {fileID: 0}
--- !u!1 &8364748786313034672
GameObject:
  m_ObjectHideFlags: 0
  m_CorrespondingSourceObject: {fileID: 0}
  m_PrefabInstance: {fileID: 0}
  m_PrefabAsset: {fileID: 0}
  serializedVersion: 6
  m_Component:
  - component: {fileID: 8364748786313230132}
  - component: {fileID: 8364748786314012232}
  - component: {fileID: 8364748786315051206}
  m_Layer: 0
  m_Name: SM_Prop_ShipWheel_02
  m_TagString: Untagged
  m_Icon: {fileID: 0}
  m_NavMeshLayer: 0
  m_StaticEditorFlags: 0
  m_IsActive: 1
--- !u!4 &8364748786313230132
Transform:
  m_ObjectHideFlags: 0
  m_CorrespondingSourceObject: {fileID: 0}
  m_PrefabInstance: {fileID: 0}
  m_PrefabAsset: {fileID: 0}
  m_GameObject: {fileID: 8364748786313034672}
  m_LocalRotation: {x: -0, y: 1, z: -0, w: 0.0000005960464}
  m_LocalPosition: {x: 0, y: 5.106, z: -6.149002}
  m_LocalScale: {x: 1, y: 1, z: 1}
  m_ConstrainProportionsScale: 0
  m_Children: []
  m_Father: {fileID: 2243128234661794449}
  m_RootOrder: 1
  m_LocalEulerAnglesHint: {x: 0, y: 0, z: 0}
--- !u!33 &8364748786314012232
MeshFilter:
  m_ObjectHideFlags: 0
  m_CorrespondingSourceObject: {fileID: 0}
  m_PrefabInstance: {fileID: 0}
  m_PrefabAsset: {fileID: 0}
  m_GameObject: {fileID: 8364748786313034672}
  m_Mesh: {fileID: 4300000, guid: 9548baaa0b4f29644bb6a0dd0c71260b, type: 3}
--- !u!23 &8364748786315051206
MeshRenderer:
  m_ObjectHideFlags: 0
  m_CorrespondingSourceObject: {fileID: 0}
  m_PrefabInstance: {fileID: 0}
  m_PrefabAsset: {fileID: 0}
  m_GameObject: {fileID: 8364748786313034672}
  m_Enabled: 1
  m_CastShadows: 2
  m_ReceiveShadows: 1
  m_DynamicOccludee: 1
  m_StaticShadowCaster: 0
  m_MotionVectors: 1
  m_LightProbeUsage: 1
  m_ReflectionProbeUsage: 1
  m_RayTracingMode: 2
  m_RayTraceProcedural: 0
  m_RenderingLayerMask: 1
  m_RendererPriority: 0
  m_Materials:
  - {fileID: 2100000, guid: 5e1235b2e417983469723d36f05de88d, type: 2}
  m_StaticBatchInfo:
    firstSubMesh: 0
    subMeshCount: 0
  m_StaticBatchRoot: {fileID: 0}
  m_ProbeAnchor: {fileID: 0}
  m_LightProbeVolumeOverride: {fileID: 0}
  m_ScaleInLightmap: 1
  m_ReceiveGI: 1
  m_PreserveUVs: 0
  m_IgnoreNormalsForChartDetection: 0
  m_ImportantGI: 0
  m_StitchLightmapSeams: 0
  m_SelectedEditorRenderState: 3
  m_MinimumChartSize: 4
  m_AutoUVMaxDistance: 0.5
  m_AutoUVMaxAngle: 89
  m_LightmapParameters: {fileID: 0}
  m_SortingLayerID: 0
  m_SortingLayer: 0
  m_SortingOrder: 0
  m_AdditionalVertexStreams: {fileID: 0}
--- !u!1 &8364748786463306760
GameObject:
  m_ObjectHideFlags: 0
  m_CorrespondingSourceObject: {fileID: 0}
  m_PrefabInstance: {fileID: 0}
  m_PrefabAsset: {fileID: 0}
  serializedVersion: 6
  m_Component:
  - component: {fileID: 8364748786463306761}
  m_Layer: 0
  m_Name: Cannon
  m_TagString: Untagged
  m_Icon: {fileID: 0}
  m_NavMeshLayer: 0
  m_StaticEditorFlags: 0
  m_IsActive: 1
--- !u!4 &8364748786463306761
Transform:
  m_ObjectHideFlags: 0
  m_CorrespondingSourceObject: {fileID: 0}
  m_PrefabInstance: {fileID: 0}
  m_PrefabAsset: {fileID: 0}
  m_GameObject: {fileID: 8364748786463306760}
  m_LocalRotation: {x: -0, y: -0, z: -0, w: 1}
  m_LocalPosition: {x: 0, y: 0, z: 0}
  m_LocalScale: {x: 1, y: 1, z: 1}
  m_ConstrainProportionsScale: 0
  m_Children:
  - {fileID: 3743994944842011696}
  - {fileID: 3743994943485872873}
  - {fileID: 8364748786313217366}
  - {fileID: 3743994944351043580}
  - {fileID: 3743994945139406165}
  - {fileID: 3743994944510375574}
  - {fileID: 3743994944954115262}
  - {fileID: 3743994944710590152}
  - {fileID: 3743994944524147888}
  - {fileID: 3743994944393684180}
  m_Father: {fileID: 2243128234661794449}
  m_RootOrder: 2
  m_LocalEulerAnglesHint: {x: 0, y: 0, z: 0}
--- !u!1 &8411209326841002782
GameObject:
  m_ObjectHideFlags: 0
  m_CorrespondingSourceObject: {fileID: 0}
  m_PrefabInstance: {fileID: 0}
  m_PrefabAsset: {fileID: 0}
  serializedVersion: 6
  m_Component:
  - component: {fileID: 1009906807604390148}
  - component: {fileID: 3128442855421378507}
  - component: {fileID: 4047160227059643072}
  - component: {fileID: 6546425445239144053}
  - component: {fileID: 7492165804253923223}
  - component: {fileID: 447990835149242095}
  - component: {fileID: 6073655325793574583}
  - component: {fileID: 119518967}
  m_Layer: 8
  m_Name: SM_Veh_Boat_Large_Mast_01_Pirate
  m_TagString: Untagged
  m_Icon: {fileID: 0}
  m_NavMeshLayer: 0
  m_StaticEditorFlags: 0
  m_IsActive: 1
--- !u!4 &1009906807604390148
Transform:
  m_ObjectHideFlags: 0
  m_CorrespondingSourceObject: {fileID: 0}
  m_PrefabInstance: {fileID: 0}
  m_PrefabAsset: {fileID: 0}
  m_GameObject: {fileID: 8411209326841002782}
  m_LocalRotation: {x: -0, y: -0, z: -0, w: 1}
  m_LocalPosition: {x: 0, y: 2.415982, z: -1.400708}
  m_LocalScale: {x: 1, y: 1, z: 1}
  m_ConstrainProportionsScale: 0
  m_Children:
  - {fileID: 1399041225028464680}
  m_Father: {fileID: 2243128234661794449}
  m_RootOrder: 5
  m_LocalEulerAnglesHint: {x: 0, y: 0, z: 0}
--- !u!33 &3128442855421378507
MeshFilter:
  m_ObjectHideFlags: 0
  m_CorrespondingSourceObject: {fileID: 0}
  m_PrefabInstance: {fileID: 0}
  m_PrefabAsset: {fileID: 0}
  m_GameObject: {fileID: 8411209326841002782}
  m_Mesh: {fileID: 4300002, guid: 173b7fce395e2da4db79b42662655b89, type: 3}
--- !u!23 &4047160227059643072
MeshRenderer:
  m_ObjectHideFlags: 0
  m_CorrespondingSourceObject: {fileID: 0}
  m_PrefabInstance: {fileID: 0}
  m_PrefabAsset: {fileID: 0}
  m_GameObject: {fileID: 8411209326841002782}
  m_Enabled: 1
  m_CastShadows: 1
  m_ReceiveShadows: 1
  m_DynamicOccludee: 1
  m_StaticShadowCaster: 0
  m_MotionVectors: 1
  m_LightProbeUsage: 1
  m_ReflectionProbeUsage: 1
  m_RayTracingMode: 2
  m_RayTraceProcedural: 0
  m_RenderingLayerMask: 1
  m_RendererPriority: 0
  m_Materials:
  - {fileID: 2100000, guid: 5e1235b2e417983469723d36f05de88d, type: 2}
  m_StaticBatchInfo:
    firstSubMesh: 0
    subMeshCount: 0
  m_StaticBatchRoot: {fileID: 0}
  m_ProbeAnchor: {fileID: 0}
  m_LightProbeVolumeOverride: {fileID: 0}
  m_ScaleInLightmap: 1
  m_ReceiveGI: 1
  m_PreserveUVs: 0
  m_IgnoreNormalsForChartDetection: 0
  m_ImportantGI: 0
  m_StitchLightmapSeams: 0
  m_SelectedEditorRenderState: 3
  m_MinimumChartSize: 4
  m_AutoUVMaxDistance: 0.5
  m_AutoUVMaxAngle: 89
  m_LightmapParameters: {fileID: 0}
  m_SortingLayerID: 0
  m_SortingLayer: 0
  m_SortingOrder: 0
  m_AdditionalVertexStreams: {fileID: 0}
--- !u!64 &6546425445239144053
MeshCollider:
  m_ObjectHideFlags: 0
  m_CorrespondingSourceObject: {fileID: 0}
  m_PrefabInstance: {fileID: 0}
  m_PrefabAsset: {fileID: 0}
  m_GameObject: {fileID: 8411209326841002782}
  m_Material: {fileID: 0}
  m_IsTrigger: 0
  m_Enabled: 0
  serializedVersion: 4
  m_Convex: 1
  m_CookingOptions: 30
  m_Mesh: {fileID: 43657248106074906, guid: 33100a607607a924f8984bc76070e306, type: 2}
--- !u!64 &7492165804253923223
MeshCollider:
  m_ObjectHideFlags: 0
  m_CorrespondingSourceObject: {fileID: 0}
  m_PrefabInstance: {fileID: 0}
  m_PrefabAsset: {fileID: 0}
  m_GameObject: {fileID: 8411209326841002782}
  m_Material: {fileID: 0}
  m_IsTrigger: 0
  m_Enabled: 0
  serializedVersion: 4
  m_Convex: 1
  m_CookingOptions: 30
  m_Mesh: {fileID: 43731201862384216, guid: 33100a607607a924f8984bc76070e306, type: 2}
--- !u!64 &447990835149242095
MeshCollider:
  m_ObjectHideFlags: 0
  m_CorrespondingSourceObject: {fileID: 0}
  m_PrefabInstance: {fileID: 0}
  m_PrefabAsset: {fileID: 0}
  m_GameObject: {fileID: 8411209326841002782}
  m_Material: {fileID: 0}
  m_IsTrigger: 0
  m_Enabled: 0
  serializedVersion: 4
  m_Convex: 1
  m_CookingOptions: 30
  m_Mesh: {fileID: 43311270601841434, guid: 33100a607607a924f8984bc76070e306, type: 2}
--- !u!64 &6073655325793574583
MeshCollider:
  m_ObjectHideFlags: 0
  m_CorrespondingSourceObject: {fileID: 0}
  m_PrefabInstance: {fileID: 0}
  m_PrefabAsset: {fileID: 0}
  m_GameObject: {fileID: 8411209326841002782}
  m_Material: {fileID: 0}
  m_IsTrigger: 0
  m_Enabled: 0
  serializedVersion: 4
  m_Convex: 1
  m_CookingOptions: 30
  m_Mesh: {fileID: 43848693935288140, guid: 33100a607607a924f8984bc76070e306, type: 2}
--- !u!64 &119518967
MeshCollider:
  m_ObjectHideFlags: 0
  m_CorrespondingSourceObject: {fileID: 0}
  m_PrefabInstance: {fileID: 0}
  m_PrefabAsset: {fileID: 0}
  m_GameObject: {fileID: 8411209326841002782}
  m_Material: {fileID: 0}
  m_IsTrigger: 0
  m_Enabled: 1
  serializedVersion: 4
  m_Convex: 1
  m_CookingOptions: 30
  m_Mesh: {fileID: 4300002, guid: 173b7fce395e2da4db79b42662655b89, type: 3}
--- !u!1001 &3743994944871324885
PrefabInstance:
  m_ObjectHideFlags: 0
  serializedVersion: 2
  m_Modification:
    m_TransformParent: {fileID: 8364748786463306761}
    m_Modifications:
    - target: {fileID: 5179378316669939295, guid: d5121d1c99d5e4f27ba40361b0dbcc20, type: 3}
      propertyPath: m_Name
      value: SM_Prop_Cannon_S_03
      objectReference: {fileID: 0}
    - target: {fileID: 5179378316669939295, guid: d5121d1c99d5e4f27ba40361b0dbcc20, type: 3}
      propertyPath: m_IsActive
      value: 1
      objectReference: {fileID: 0}
    - target: {fileID: 5179378316670245251, guid: d5121d1c99d5e4f27ba40361b0dbcc20, type: 3}
      propertyPath: m_RootOrder
      value: 2
      objectReference: {fileID: 0}
    - target: {fileID: 5179378316670245251, guid: d5121d1c99d5e4f27ba40361b0dbcc20, type: 3}
      propertyPath: m_LocalPosition.x
      value: 2.2290006
      objectReference: {fileID: 0}
    - target: {fileID: 5179378316670245251, guid: d5121d1c99d5e4f27ba40361b0dbcc20, type: 3}
      propertyPath: m_LocalPosition.y
      value: 2.625
      objectReference: {fileID: 0}
    - target: {fileID: 5179378316670245251, guid: d5121d1c99d5e4f27ba40361b0dbcc20, type: 3}
      propertyPath: m_LocalPosition.z
      value: 1.5680004
      objectReference: {fileID: 0}
    - target: {fileID: 5179378316670245251, guid: d5121d1c99d5e4f27ba40361b0dbcc20, type: 3}
      propertyPath: m_LocalRotation.w
      value: 0.7071068
      objectReference: {fileID: 0}
    - target: {fileID: 5179378316670245251, guid: d5121d1c99d5e4f27ba40361b0dbcc20, type: 3}
      propertyPath: m_LocalRotation.x
      value: -0
      objectReference: {fileID: 0}
    - target: {fileID: 5179378316670245251, guid: d5121d1c99d5e4f27ba40361b0dbcc20, type: 3}
      propertyPath: m_LocalRotation.y
      value: 0.7071068
      objectReference: {fileID: 0}
    - target: {fileID: 5179378316670245251, guid: d5121d1c99d5e4f27ba40361b0dbcc20, type: 3}
      propertyPath: m_LocalRotation.z
      value: -0
      objectReference: {fileID: 0}
    - target: {fileID: 5179378316670245251, guid: d5121d1c99d5e4f27ba40361b0dbcc20, type: 3}
      propertyPath: m_LocalEulerAnglesHint.x
      value: 0
      objectReference: {fileID: 0}
    - target: {fileID: 5179378316670245251, guid: d5121d1c99d5e4f27ba40361b0dbcc20, type: 3}
      propertyPath: m_LocalEulerAnglesHint.y
      value: 90
      objectReference: {fileID: 0}
    - target: {fileID: 5179378316670245251, guid: d5121d1c99d5e4f27ba40361b0dbcc20, type: 3}
      propertyPath: m_LocalEulerAnglesHint.z
      value: 0
      objectReference: {fileID: 0}
    - target: {fileID: 8967560672411486080, guid: d5121d1c99d5e4f27ba40361b0dbcc20, type: 3}
      propertyPath: _isOn
      value: 1
      objectReference: {fileID: 0}
    m_RemovedComponents: []
  m_SourcePrefab: {fileID: 100100000, guid: d5121d1c99d5e4f27ba40361b0dbcc20, type: 3}
--- !u!114 &5730403346321267541 stripped
MonoBehaviour:
  m_CorrespondingSourceObject: {fileID: 8967560672411486080, guid: d5121d1c99d5e4f27ba40361b0dbcc20, type: 3}
  m_PrefabInstance: {fileID: 3743994944871324885}
  m_PrefabAsset: {fileID: 0}
  m_GameObject: {fileID: 0}
  m_Enabled: 1
  m_EditorHideFlags: 0
  m_Script: {fileID: 11500000, guid: 463b7917fb52a464b9095a4348a80582, type: 3}
  m_Name: 
  m_EditorClassIdentifier: 
--- !u!4 &8364748786313217366 stripped
Transform:
  m_CorrespondingSourceObject: {fileID: 5179378316670245251, guid: d5121d1c99d5e4f27ba40361b0dbcc20, type: 3}
  m_PrefabInstance: {fileID: 3743994944871324885}
  m_PrefabAsset: {fileID: 0}
--- !u!1001 &8364748784652740223
PrefabInstance:
  m_ObjectHideFlags: 0
  serializedVersion: 2
  m_Modification:
    m_TransformParent: {fileID: 8364748786463306761}
    m_Modifications:
    - target: {fileID: 5179378316669939295, guid: d5121d1c99d5e4f27ba40361b0dbcc20, type: 3}
      propertyPath: m_Name
      value: SM_Prop_Cannon_S_04
      objectReference: {fileID: 0}
    - target: {fileID: 5179378316669939295, guid: d5121d1c99d5e4f27ba40361b0dbcc20, type: 3}
      propertyPath: m_IsActive
      value: 1
      objectReference: {fileID: 0}
    - target: {fileID: 5179378316670245251, guid: d5121d1c99d5e4f27ba40361b0dbcc20, type: 3}
      propertyPath: m_RootOrder
      value: 3
      objectReference: {fileID: 0}
    - target: {fileID: 5179378316670245251, guid: d5121d1c99d5e4f27ba40361b0dbcc20, type: 3}
      propertyPath: m_LocalPosition.x
      value: 2.2290006
      objectReference: {fileID: 0}
    - target: {fileID: 5179378316670245251, guid: d5121d1c99d5e4f27ba40361b0dbcc20, type: 3}
      propertyPath: m_LocalPosition.y
      value: 2.625
      objectReference: {fileID: 0}
    - target: {fileID: 5179378316670245251, guid: d5121d1c99d5e4f27ba40361b0dbcc20, type: 3}
      propertyPath: m_LocalPosition.z
      value: -0.8230002
      objectReference: {fileID: 0}
    - target: {fileID: 5179378316670245251, guid: d5121d1c99d5e4f27ba40361b0dbcc20, type: 3}
      propertyPath: m_LocalRotation.w
      value: 0.7071068
      objectReference: {fileID: 0}
    - target: {fileID: 5179378316670245251, guid: d5121d1c99d5e4f27ba40361b0dbcc20, type: 3}
      propertyPath: m_LocalRotation.x
      value: -0
      objectReference: {fileID: 0}
    - target: {fileID: 5179378316670245251, guid: d5121d1c99d5e4f27ba40361b0dbcc20, type: 3}
      propertyPath: m_LocalRotation.y
      value: 0.7071068
      objectReference: {fileID: 0}
    - target: {fileID: 5179378316670245251, guid: d5121d1c99d5e4f27ba40361b0dbcc20, type: 3}
      propertyPath: m_LocalRotation.z
      value: -0
      objectReference: {fileID: 0}
    - target: {fileID: 5179378316670245251, guid: d5121d1c99d5e4f27ba40361b0dbcc20, type: 3}
      propertyPath: m_LocalEulerAnglesHint.x
      value: 0
      objectReference: {fileID: 0}
    - target: {fileID: 5179378316670245251, guid: d5121d1c99d5e4f27ba40361b0dbcc20, type: 3}
      propertyPath: m_LocalEulerAnglesHint.y
      value: 90
      objectReference: {fileID: 0}
    - target: {fileID: 5179378316670245251, guid: d5121d1c99d5e4f27ba40361b0dbcc20, type: 3}
      propertyPath: m_LocalEulerAnglesHint.z
      value: 0
      objectReference: {fileID: 0}
    - target: {fileID: 8967560672411486080, guid: d5121d1c99d5e4f27ba40361b0dbcc20, type: 3}
      propertyPath: _isOn
      value: 1
      objectReference: {fileID: 0}
    m_RemovedComponents: []
  m_SourcePrefab: {fileID: 100100000, guid: d5121d1c99d5e4f27ba40361b0dbcc20, type: 3}
--- !u!114 &605349702329885183 stripped
MonoBehaviour:
  m_CorrespondingSourceObject: {fileID: 8967560672411486080, guid: d5121d1c99d5e4f27ba40361b0dbcc20, type: 3}
  m_PrefabInstance: {fileID: 8364748784652740223}
  m_PrefabAsset: {fileID: 0}
  m_GameObject: {fileID: 0}
  m_Enabled: 1
  m_EditorHideFlags: 0
  m_Script: {fileID: 11500000, guid: 463b7917fb52a464b9095a4348a80582, type: 3}
  m_Name: 
  m_EditorClassIdentifier: 
--- !u!4 &3743994944351043580 stripped
Transform:
  m_CorrespondingSourceObject: {fileID: 5179378316670245251, guid: d5121d1c99d5e4f27ba40361b0dbcc20, type: 3}
  m_PrefabInstance: {fileID: 8364748784652740223}
  m_PrefabAsset: {fileID: 0}
--- !u!1001 &8364748784760798551
PrefabInstance:
  m_ObjectHideFlags: 0
  serializedVersion: 2
  m_Modification:
    m_TransformParent: {fileID: 8364748786463306761}
    m_Modifications:
    - target: {fileID: 2777900228274335265, guid: d5121d1c99d5e4f27ba40361b0dbcc20, type: 3}
      propertyPath: m_IsActive
      value: 1
      objectReference: {fileID: 0}
    - target: {fileID: 5179378316669939295, guid: d5121d1c99d5e4f27ba40361b0dbcc20, type: 3}
      propertyPath: m_Name
      value: SM_Prop_Cannon_P_05
      objectReference: {fileID: 0}
    - target: {fileID: 5179378316669939295, guid: d5121d1c99d5e4f27ba40361b0dbcc20, type: 3}
      propertyPath: m_IsActive
      value: 1
      objectReference: {fileID: 0}
    - target: {fileID: 5179378316670245251, guid: d5121d1c99d5e4f27ba40361b0dbcc20, type: 3}
      propertyPath: m_RootOrder
      value: 9
      objectReference: {fileID: 0}
    - target: {fileID: 5179378316670245251, guid: d5121d1c99d5e4f27ba40361b0dbcc20, type: 3}
      propertyPath: m_LocalPosition.x
      value: -2.2400005
      objectReference: {fileID: 0}
    - target: {fileID: 5179378316670245251, guid: d5121d1c99d5e4f27ba40361b0dbcc20, type: 3}
      propertyPath: m_LocalPosition.y
      value: 2.754
      objectReference: {fileID: 0}
    - target: {fileID: 5179378316670245251, guid: d5121d1c99d5e4f27ba40361b0dbcc20, type: 3}
      propertyPath: m_LocalPosition.z
      value: -3.224001
      objectReference: {fileID: 0}
    - target: {fileID: 5179378316670245251, guid: d5121d1c99d5e4f27ba40361b0dbcc20, type: 3}
      propertyPath: m_LocalRotation.w
      value: 0.7067199
      objectReference: {fileID: 0}
    - target: {fileID: 5179378316670245251, guid: d5121d1c99d5e4f27ba40361b0dbcc20, type: 3}
      propertyPath: m_LocalRotation.x
      value: 0.023388693
      objectReference: {fileID: 0}
    - target: {fileID: 5179378316670245251, guid: d5121d1c99d5e4f27ba40361b0dbcc20, type: 3}
      propertyPath: m_LocalRotation.y
      value: -0.7067199
      objectReference: {fileID: 0}
    - target: {fileID: 5179378316670245251, guid: d5121d1c99d5e4f27ba40361b0dbcc20, type: 3}
      propertyPath: m_LocalRotation.z
      value: -0.023388693
      objectReference: {fileID: 0}
    - target: {fileID: 5179378316670245251, guid: d5121d1c99d5e4f27ba40361b0dbcc20, type: 3}
      propertyPath: m_LocalEulerAnglesHint.x
      value: 0
      objectReference: {fileID: 0}
    - target: {fileID: 5179378316670245251, guid: d5121d1c99d5e4f27ba40361b0dbcc20, type: 3}
      propertyPath: m_LocalEulerAnglesHint.y
      value: -90
      objectReference: {fileID: 0}
    - target: {fileID: 5179378316670245251, guid: d5121d1c99d5e4f27ba40361b0dbcc20, type: 3}
      propertyPath: m_LocalEulerAnglesHint.z
      value: -3.791
      objectReference: {fileID: 0}
    - target: {fileID: 8967560672411486080, guid: d5121d1c99d5e4f27ba40361b0dbcc20, type: 3}
      propertyPath: _isOn
      value: 1
      objectReference: {fileID: 0}
    m_RemovedComponents: []
  m_SourcePrefab: {fileID: 100100000, guid: d5121d1c99d5e4f27ba40361b0dbcc20, type: 3}
--- !u!114 &605349702322731735 stripped
MonoBehaviour:
  m_CorrespondingSourceObject: {fileID: 8967560672411486080, guid: d5121d1c99d5e4f27ba40361b0dbcc20, type: 3}
  m_PrefabInstance: {fileID: 8364748784760798551}
  m_PrefabAsset: {fileID: 0}
  m_GameObject: {fileID: 0}
  m_Enabled: 1
  m_EditorHideFlags: 0
  m_Script: {fileID: 11500000, guid: 463b7917fb52a464b9095a4348a80582, type: 3}
  m_Name: 
  m_EditorClassIdentifier: 
--- !u!4 &3743994944393684180 stripped
Transform:
  m_CorrespondingSourceObject: {fileID: 5179378316670245251, guid: d5121d1c99d5e4f27ba40361b0dbcc20, type: 3}
  m_PrefabInstance: {fileID: 8364748784760798551}
  m_PrefabAsset: {fileID: 0}
--- !u!1001 &8364748785400157034
PrefabInstance:
  m_ObjectHideFlags: 0
  serializedVersion: 2
  m_Modification:
    m_TransformParent: {fileID: 8364748786463306761}
    m_Modifications:
    - target: {fileID: 5179378316669939295, guid: d5121d1c99d5e4f27ba40361b0dbcc20, type: 3}
      propertyPath: m_Name
      value: SM_Prop_Cannon_S_02
      objectReference: {fileID: 0}
    - target: {fileID: 5179378316669939295, guid: d5121d1c99d5e4f27ba40361b0dbcc20, type: 3}
      propertyPath: m_IsActive
      value: 1
      objectReference: {fileID: 0}
    - target: {fileID: 5179378316670245251, guid: d5121d1c99d5e4f27ba40361b0dbcc20, type: 3}
      propertyPath: m_RootOrder
      value: 1
      objectReference: {fileID: 0}
    - target: {fileID: 5179378316670245251, guid: d5121d1c99d5e4f27ba40361b0dbcc20, type: 3}
      propertyPath: m_LocalPosition.x
      value: 2.1600006
      objectReference: {fileID: 0}
    - target: {fileID: 5179378316670245251, guid: d5121d1c99d5e4f27ba40361b0dbcc20, type: 3}
      propertyPath: m_LocalPosition.y
      value: 2.625
      objectReference: {fileID: 0}
    - target: {fileID: 5179378316670245251, guid: d5121d1c99d5e4f27ba40361b0dbcc20, type: 3}
      propertyPath: m_LocalPosition.z
      value: 4.050001
      objectReference: {fileID: 0}
    - target: {fileID: 5179378316670245251, guid: d5121d1c99d5e4f27ba40361b0dbcc20, type: 3}
      propertyPath: m_LocalRotation.w
      value: 0.7071068
      objectReference: {fileID: 0}
    - target: {fileID: 5179378316670245251, guid: d5121d1c99d5e4f27ba40361b0dbcc20, type: 3}
      propertyPath: m_LocalRotation.x
      value: -0
      objectReference: {fileID: 0}
    - target: {fileID: 5179378316670245251, guid: d5121d1c99d5e4f27ba40361b0dbcc20, type: 3}
      propertyPath: m_LocalRotation.y
      value: 0.7071068
      objectReference: {fileID: 0}
    - target: {fileID: 5179378316670245251, guid: d5121d1c99d5e4f27ba40361b0dbcc20, type: 3}
      propertyPath: m_LocalRotation.z
      value: -0
      objectReference: {fileID: 0}
    - target: {fileID: 5179378316670245251, guid: d5121d1c99d5e4f27ba40361b0dbcc20, type: 3}
      propertyPath: m_LocalEulerAnglesHint.x
      value: 0
      objectReference: {fileID: 0}
    - target: {fileID: 5179378316670245251, guid: d5121d1c99d5e4f27ba40361b0dbcc20, type: 3}
      propertyPath: m_LocalEulerAnglesHint.y
      value: 90
      objectReference: {fileID: 0}
    - target: {fileID: 5179378316670245251, guid: d5121d1c99d5e4f27ba40361b0dbcc20, type: 3}
      propertyPath: m_LocalEulerAnglesHint.z
      value: 0
      objectReference: {fileID: 0}
    - target: {fileID: 8967560672411486080, guid: d5121d1c99d5e4f27ba40361b0dbcc20, type: 3}
      propertyPath: _isOn
      value: 1
      objectReference: {fileID: 0}
    m_RemovedComponents: []
  m_SourcePrefab: {fileID: 100100000, guid: d5121d1c99d5e4f27ba40361b0dbcc20, type: 3}
--- !u!114 &605349702693655786 stripped
MonoBehaviour:
  m_CorrespondingSourceObject: {fileID: 8967560672411486080, guid: d5121d1c99d5e4f27ba40361b0dbcc20, type: 3}
  m_PrefabInstance: {fileID: 8364748785400157034}
  m_PrefabAsset: {fileID: 0}
  m_GameObject: {fileID: 0}
  m_Enabled: 1
  m_EditorHideFlags: 0
  m_Script: {fileID: 11500000, guid: 463b7917fb52a464b9095a4348a80582, type: 3}
  m_Name: 
  m_EditorClassIdentifier: 
--- !u!4 &3743994943485872873 stripped
Transform:
  m_CorrespondingSourceObject: {fileID: 5179378316670245251, guid: d5121d1c99d5e4f27ba40361b0dbcc20, type: 3}
  m_PrefabInstance: {fileID: 8364748785400157034}
  m_PrefabAsset: {fileID: 0}
--- !u!1001 &8364748786045152470
PrefabInstance:
  m_ObjectHideFlags: 0
  serializedVersion: 2
  m_Modification:
    m_TransformParent: {fileID: 8364748786463306761}
    m_Modifications:
    - target: {fileID: 2777900228274335265, guid: d5121d1c99d5e4f27ba40361b0dbcc20, type: 3}
      propertyPath: m_IsActive
      value: 1
      objectReference: {fileID: 0}
    - target: {fileID: 5179378316669939295, guid: d5121d1c99d5e4f27ba40361b0dbcc20, type: 3}
      propertyPath: m_Name
      value: SM_Prop_Cannon_S_05
      objectReference: {fileID: 0}
    - target: {fileID: 5179378316669939295, guid: d5121d1c99d5e4f27ba40361b0dbcc20, type: 3}
      propertyPath: m_IsActive
      value: 1
      objectReference: {fileID: 0}
    - target: {fileID: 5179378316670245251, guid: d5121d1c99d5e4f27ba40361b0dbcc20, type: 3}
      propertyPath: m_RootOrder
      value: 4
      objectReference: {fileID: 0}
    - target: {fileID: 5179378316670245251, guid: d5121d1c99d5e4f27ba40361b0dbcc20, type: 3}
      propertyPath: m_LocalPosition.x
      value: 2.2400005
      objectReference: {fileID: 0}
    - target: {fileID: 5179378316670245251, guid: d5121d1c99d5e4f27ba40361b0dbcc20, type: 3}
      propertyPath: m_LocalPosition.y
      value: 2.754
      objectReference: {fileID: 0}
    - target: {fileID: 5179378316670245251, guid: d5121d1c99d5e4f27ba40361b0dbcc20, type: 3}
      propertyPath: m_LocalPosition.z
      value: -3.2240007
      objectReference: {fileID: 0}
    - target: {fileID: 5179378316670245251, guid: d5121d1c99d5e4f27ba40361b0dbcc20, type: 3}
      propertyPath: m_LocalRotation.w
      value: 0.7067199
      objectReference: {fileID: 0}
    - target: {fileID: 5179378316670245251, guid: d5121d1c99d5e4f27ba40361b0dbcc20, type: 3}
      propertyPath: m_LocalRotation.x
      value: 0.023388758
      objectReference: {fileID: 0}
    - target: {fileID: 5179378316670245251, guid: d5121d1c99d5e4f27ba40361b0dbcc20, type: 3}
      propertyPath: m_LocalRotation.y
      value: 0.7067199
      objectReference: {fileID: 0}
    - target: {fileID: 5179378316670245251, guid: d5121d1c99d5e4f27ba40361b0dbcc20, type: 3}
      propertyPath: m_LocalRotation.z
      value: 0.023388758
      objectReference: {fileID: 0}
    - target: {fileID: 5179378316670245251, guid: d5121d1c99d5e4f27ba40361b0dbcc20, type: 3}
      propertyPath: m_LocalEulerAnglesHint.x
      value: 0
      objectReference: {fileID: 0}
    - target: {fileID: 5179378316670245251, guid: d5121d1c99d5e4f27ba40361b0dbcc20, type: 3}
      propertyPath: m_LocalEulerAnglesHint.y
      value: 90
      objectReference: {fileID: 0}
    - target: {fileID: 5179378316670245251, guid: d5121d1c99d5e4f27ba40361b0dbcc20, type: 3}
      propertyPath: m_LocalEulerAnglesHint.z
      value: 3.791
      objectReference: {fileID: 0}
    - target: {fileID: 8967560672411486080, guid: d5121d1c99d5e4f27ba40361b0dbcc20, type: 3}
      propertyPath: _isOn
      value: 1
      objectReference: {fileID: 0}
    m_RemovedComponents: []
  m_SourcePrefab: {fileID: 100100000, guid: d5121d1c99d5e4f27ba40361b0dbcc20, type: 3}
--- !u!114 &605349701037878102 stripped
MonoBehaviour:
  m_CorrespondingSourceObject: {fileID: 8967560672411486080, guid: d5121d1c99d5e4f27ba40361b0dbcc20, type: 3}
  m_PrefabInstance: {fileID: 8364748786045152470}
  m_PrefabAsset: {fileID: 0}
  m_GameObject: {fileID: 0}
  m_Enabled: 1
  m_EditorHideFlags: 0
  m_Script: {fileID: 11500000, guid: 463b7917fb52a464b9095a4348a80582, type: 3}
  m_Name: 
  m_EditorClassIdentifier: 
--- !u!4 &3743994945139406165 stripped
Transform:
  m_CorrespondingSourceObject: {fileID: 5179378316670245251, guid: d5121d1c99d5e4f27ba40361b0dbcc20, type: 3}
  m_PrefabInstance: {fileID: 8364748786045152470}
  m_PrefabAsset: {fileID: 0}
--- !u!1001 &8364748786155169611
PrefabInstance:
  m_ObjectHideFlags: 0
  serializedVersion: 2
  m_Modification:
    m_TransformParent: {fileID: 8364748786463306761}
    m_Modifications:
    - target: {fileID: 5179378316669939295, guid: d5121d1c99d5e4f27ba40361b0dbcc20, type: 3}
      propertyPath: m_Name
      value: SM_Prop_Cannon_P_03
      objectReference: {fileID: 0}
    - target: {fileID: 5179378316669939295, guid: d5121d1c99d5e4f27ba40361b0dbcc20, type: 3}
      propertyPath: m_IsActive
      value: 1
      objectReference: {fileID: 0}
    - target: {fileID: 5179378316670245251, guid: d5121d1c99d5e4f27ba40361b0dbcc20, type: 3}
      propertyPath: m_RootOrder
      value: 7
      objectReference: {fileID: 0}
    - target: {fileID: 5179378316670245251, guid: d5121d1c99d5e4f27ba40361b0dbcc20, type: 3}
      propertyPath: m_LocalPosition.x
      value: -2.2290006
      objectReference: {fileID: 0}
    - target: {fileID: 5179378316670245251, guid: d5121d1c99d5e4f27ba40361b0dbcc20, type: 3}
      propertyPath: m_LocalPosition.y
      value: 2.625
      objectReference: {fileID: 0}
    - target: {fileID: 5179378316670245251, guid: d5121d1c99d5e4f27ba40361b0dbcc20, type: 3}
      propertyPath: m_LocalPosition.z
      value: 1.5680006
      objectReference: {fileID: 0}
    - target: {fileID: 5179378316670245251, guid: d5121d1c99d5e4f27ba40361b0dbcc20, type: 3}
      propertyPath: m_LocalRotation.w
      value: 0.7071068
      objectReference: {fileID: 0}
    - target: {fileID: 5179378316670245251, guid: d5121d1c99d5e4f27ba40361b0dbcc20, type: 3}
      propertyPath: m_LocalRotation.x
      value: -0
      objectReference: {fileID: 0}
    - target: {fileID: 5179378316670245251, guid: d5121d1c99d5e4f27ba40361b0dbcc20, type: 3}
      propertyPath: m_LocalRotation.y
      value: -0.7071068
      objectReference: {fileID: 0}
    - target: {fileID: 5179378316670245251, guid: d5121d1c99d5e4f27ba40361b0dbcc20, type: 3}
      propertyPath: m_LocalRotation.z
      value: -0
      objectReference: {fileID: 0}
    - target: {fileID: 5179378316670245251, guid: d5121d1c99d5e4f27ba40361b0dbcc20, type: 3}
      propertyPath: m_LocalEulerAnglesHint.x
      value: 0
      objectReference: {fileID: 0}
    - target: {fileID: 5179378316670245251, guid: d5121d1c99d5e4f27ba40361b0dbcc20, type: 3}
      propertyPath: m_LocalEulerAnglesHint.y
      value: -90
      objectReference: {fileID: 0}
    - target: {fileID: 5179378316670245251, guid: d5121d1c99d5e4f27ba40361b0dbcc20, type: 3}
      propertyPath: m_LocalEulerAnglesHint.z
      value: 0
      objectReference: {fileID: 0}
    - target: {fileID: 8967560672411486080, guid: d5121d1c99d5e4f27ba40361b0dbcc20, type: 3}
      propertyPath: _isOn
      value: 1
      objectReference: {fileID: 0}
    m_RemovedComponents: []
  m_SourcePrefab: {fileID: 100100000, guid: d5121d1c99d5e4f27ba40361b0dbcc20, type: 3}
--- !u!114 &605349701972205771 stripped
MonoBehaviour:
  m_CorrespondingSourceObject: {fileID: 8967560672411486080, guid: d5121d1c99d5e4f27ba40361b0dbcc20, type: 3}
  m_PrefabInstance: {fileID: 8364748786155169611}
  m_PrefabAsset: {fileID: 0}
  m_GameObject: {fileID: 0}
  m_Enabled: 1
  m_EditorHideFlags: 0
  m_Script: {fileID: 11500000, guid: 463b7917fb52a464b9095a4348a80582, type: 3}
  m_Name: 
  m_EditorClassIdentifier: 
--- !u!4 &3743994944710590152 stripped
Transform:
  m_CorrespondingSourceObject: {fileID: 5179378316670245251, guid: d5121d1c99d5e4f27ba40361b0dbcc20, type: 3}
  m_PrefabInstance: {fileID: 8364748786155169611}
  m_PrefabAsset: {fileID: 0}
--- !u!1001 &8364748786292428211
PrefabInstance:
  m_ObjectHideFlags: 0
  serializedVersion: 2
  m_Modification:
    m_TransformParent: {fileID: 8364748786463306761}
    m_Modifications:
    - target: {fileID: 2777900228274335265, guid: d5121d1c99d5e4f27ba40361b0dbcc20, type: 3}
      propertyPath: m_IsActive
      value: 1
      objectReference: {fileID: 0}
    - target: {fileID: 5179378316669939295, guid: d5121d1c99d5e4f27ba40361b0dbcc20, type: 3}
      propertyPath: m_Name
      value: SM_Prop_Cannon_S_01
      objectReference: {fileID: 0}
    - target: {fileID: 5179378316669939295, guid: d5121d1c99d5e4f27ba40361b0dbcc20, type: 3}
      propertyPath: m_IsActive
      value: 1
      objectReference: {fileID: 0}
    - target: {fileID: 5179378316670245251, guid: d5121d1c99d5e4f27ba40361b0dbcc20, type: 3}
      propertyPath: m_RootOrder
      value: 0
      objectReference: {fileID: 0}
    - target: {fileID: 5179378316670245251, guid: d5121d1c99d5e4f27ba40361b0dbcc20, type: 3}
      propertyPath: m_LocalPosition.x
      value: 1.9200003
      objectReference: {fileID: 0}
    - target: {fileID: 5179378316670245251, guid: d5121d1c99d5e4f27ba40361b0dbcc20, type: 3}
      propertyPath: m_LocalPosition.y
      value: 2.625
      objectReference: {fileID: 0}
    - target: {fileID: 5179378316670245251, guid: d5121d1c99d5e4f27ba40361b0dbcc20, type: 3}
      propertyPath: m_LocalPosition.z
      value: 6.5600014
      objectReference: {fileID: 0}
    - target: {fileID: 5179378316670245251, guid: d5121d1c99d5e4f27ba40361b0dbcc20, type: 3}
      propertyPath: m_LocalRotation.w
      value: 0.70684135
      objectReference: {fileID: 0}
    - target: {fileID: 5179378316670245251, guid: d5121d1c99d5e4f27ba40361b0dbcc20, type: 3}
      propertyPath: m_LocalRotation.x
      value: -0.019373534
      objectReference: {fileID: 0}
    - target: {fileID: 5179378316670245251, guid: d5121d1c99d5e4f27ba40361b0dbcc20, type: 3}
      propertyPath: m_LocalRotation.y
      value: 0.70684135
      objectReference: {fileID: 0}
    - target: {fileID: 5179378316670245251, guid: d5121d1c99d5e4f27ba40361b0dbcc20, type: 3}
      propertyPath: m_LocalRotation.z
      value: -0.019373534
      objectReference: {fileID: 0}
    - target: {fileID: 5179378316670245251, guid: d5121d1c99d5e4f27ba40361b0dbcc20, type: 3}
      propertyPath: m_LocalEulerAnglesHint.x
      value: 0
      objectReference: {fileID: 0}
    - target: {fileID: 5179378316670245251, guid: d5121d1c99d5e4f27ba40361b0dbcc20, type: 3}
      propertyPath: m_LocalEulerAnglesHint.y
      value: 90
      objectReference: {fileID: 0}
    - target: {fileID: 5179378316670245251, guid: d5121d1c99d5e4f27ba40361b0dbcc20, type: 3}
      propertyPath: m_LocalEulerAnglesHint.z
      value: -3.14
      objectReference: {fileID: 0}
    - target: {fileID: 8967560672411486080, guid: d5121d1c99d5e4f27ba40361b0dbcc20, type: 3}
      propertyPath: _isOn
      value: 1
      objectReference: {fileID: 0}
    m_RemovedComponents: []
  m_SourcePrefab: {fileID: 100100000, guid: d5121d1c99d5e4f27ba40361b0dbcc20, type: 3}
--- !u!114 &605349701831526963 stripped
MonoBehaviour:
  m_CorrespondingSourceObject: {fileID: 8967560672411486080, guid: d5121d1c99d5e4f27ba40361b0dbcc20, type: 3}
  m_PrefabInstance: {fileID: 8364748786292428211}
  m_PrefabAsset: {fileID: 0}
  m_GameObject: {fileID: 0}
  m_Enabled: 1
  m_EditorHideFlags: 0
  m_Script: {fileID: 11500000, guid: 463b7917fb52a464b9095a4348a80582, type: 3}
  m_Name: 
  m_EditorClassIdentifier: 
--- !u!4 &3743994944842011696 stripped
Transform:
  m_CorrespondingSourceObject: {fileID: 5179378316670245251, guid: d5121d1c99d5e4f27ba40361b0dbcc20, type: 3}
  m_PrefabInstance: {fileID: 8364748786292428211}
  m_PrefabAsset: {fileID: 0}
--- !u!1001 &8364748786331073853
PrefabInstance:
  m_ObjectHideFlags: 0
  serializedVersion: 2
  m_Modification:
    m_TransformParent: {fileID: 8364748786463306761}
    m_Modifications:
    - target: {fileID: 5179378316669939295, guid: d5121d1c99d5e4f27ba40361b0dbcc20, type: 3}
      propertyPath: m_Name
      value: SM_Prop_Cannon_P_02
      objectReference: {fileID: 0}
    - target: {fileID: 5179378316669939295, guid: d5121d1c99d5e4f27ba40361b0dbcc20, type: 3}
      propertyPath: m_IsActive
      value: 1
      objectReference: {fileID: 0}
    - target: {fileID: 5179378316670245251, guid: d5121d1c99d5e4f27ba40361b0dbcc20, type: 3}
      propertyPath: m_RootOrder
      value: 6
      objectReference: {fileID: 0}
    - target: {fileID: 5179378316670245251, guid: d5121d1c99d5e4f27ba40361b0dbcc20, type: 3}
      propertyPath: m_LocalPosition.x
      value: -2.1600006
      objectReference: {fileID: 0}
    - target: {fileID: 5179378316670245251, guid: d5121d1c99d5e4f27ba40361b0dbcc20, type: 3}
      propertyPath: m_LocalPosition.y
      value: 2.625
      objectReference: {fileID: 0}
    - target: {fileID: 5179378316670245251, guid: d5121d1c99d5e4f27ba40361b0dbcc20, type: 3}
      propertyPath: m_LocalPosition.z
      value: 4.050001
      objectReference: {fileID: 0}
    - target: {fileID: 5179378316670245251, guid: d5121d1c99d5e4f27ba40361b0dbcc20, type: 3}
      propertyPath: m_LocalRotation.w
      value: 0.7071068
      objectReference: {fileID: 0}
    - target: {fileID: 5179378316670245251, guid: d5121d1c99d5e4f27ba40361b0dbcc20, type: 3}
      propertyPath: m_LocalRotation.x
      value: -0
      objectReference: {fileID: 0}
    - target: {fileID: 5179378316670245251, guid: d5121d1c99d5e4f27ba40361b0dbcc20, type: 3}
      propertyPath: m_LocalRotation.y
      value: -0.7071068
      objectReference: {fileID: 0}
    - target: {fileID: 5179378316670245251, guid: d5121d1c99d5e4f27ba40361b0dbcc20, type: 3}
      propertyPath: m_LocalRotation.z
      value: -0
      objectReference: {fileID: 0}
    - target: {fileID: 5179378316670245251, guid: d5121d1c99d5e4f27ba40361b0dbcc20, type: 3}
      propertyPath: m_LocalEulerAnglesHint.x
      value: 0
      objectReference: {fileID: 0}
    - target: {fileID: 5179378316670245251, guid: d5121d1c99d5e4f27ba40361b0dbcc20, type: 3}
      propertyPath: m_LocalEulerAnglesHint.y
      value: -90
      objectReference: {fileID: 0}
    - target: {fileID: 5179378316670245251, guid: d5121d1c99d5e4f27ba40361b0dbcc20, type: 3}
      propertyPath: m_LocalEulerAnglesHint.z
      value: 0
      objectReference: {fileID: 0}
    - target: {fileID: 8967560672411486080, guid: d5121d1c99d5e4f27ba40361b0dbcc20, type: 3}
      propertyPath: _isOn
      value: 1
      objectReference: {fileID: 0}
    m_RemovedComponents: []
  m_SourcePrefab: {fileID: 100100000, guid: d5121d1c99d5e4f27ba40361b0dbcc20, type: 3}
--- !u!114 &605349701729729213 stripped
MonoBehaviour:
  m_CorrespondingSourceObject: {fileID: 8967560672411486080, guid: d5121d1c99d5e4f27ba40361b0dbcc20, type: 3}
  m_PrefabInstance: {fileID: 8364748786331073853}
  m_PrefabAsset: {fileID: 0}
  m_GameObject: {fileID: 0}
  m_Enabled: 1
  m_EditorHideFlags: 0
  m_Script: {fileID: 11500000, guid: 463b7917fb52a464b9095a4348a80582, type: 3}
  m_Name: 
  m_EditorClassIdentifier: 
--- !u!4 &3743994944954115262 stripped
Transform:
  m_CorrespondingSourceObject: {fileID: 5179378316670245251, guid: d5121d1c99d5e4f27ba40361b0dbcc20, type: 3}
  m_PrefabInstance: {fileID: 8364748786331073853}
  m_PrefabAsset: {fileID: 0}
--- !u!1001 &8364748786489863957
PrefabInstance:
  m_ObjectHideFlags: 0
  serializedVersion: 2
  m_Modification:
    m_TransformParent: {fileID: 8364748786463306761}
    m_Modifications:
    - target: {fileID: 2777900228274335265, guid: d5121d1c99d5e4f27ba40361b0dbcc20, type: 3}
      propertyPath: m_IsActive
      value: 1
      objectReference: {fileID: 0}
    - target: {fileID: 5179378316669939295, guid: d5121d1c99d5e4f27ba40361b0dbcc20, type: 3}
      propertyPath: m_Name
      value: SM_Prop_Cannon_P_01
      objectReference: {fileID: 0}
    - target: {fileID: 5179378316669939295, guid: d5121d1c99d5e4f27ba40361b0dbcc20, type: 3}
      propertyPath: m_IsActive
      value: 1
      objectReference: {fileID: 0}
    - target: {fileID: 5179378316670245251, guid: d5121d1c99d5e4f27ba40361b0dbcc20, type: 3}
      propertyPath: m_RootOrder
      value: 5
      objectReference: {fileID: 0}
    - target: {fileID: 5179378316670245251, guid: d5121d1c99d5e4f27ba40361b0dbcc20, type: 3}
      propertyPath: m_LocalPosition.x
      value: -1.9200008
      objectReference: {fileID: 0}
    - target: {fileID: 5179378316670245251, guid: d5121d1c99d5e4f27ba40361b0dbcc20, type: 3}
      propertyPath: m_LocalPosition.y
      value: 2.625
      objectReference: {fileID: 0}
    - target: {fileID: 5179378316670245251, guid: d5121d1c99d5e4f27ba40361b0dbcc20, type: 3}
      propertyPath: m_LocalPosition.z
      value: 6.5600014
      objectReference: {fileID: 0}
    - target: {fileID: 5179378316670245251, guid: d5121d1c99d5e4f27ba40361b0dbcc20, type: 3}
      propertyPath: m_LocalRotation.w
      value: 0.70684135
      objectReference: {fileID: 0}
    - target: {fileID: 5179378316670245251, guid: d5121d1c99d5e4f27ba40361b0dbcc20, type: 3}
      propertyPath: m_LocalRotation.x
      value: 0.019373534
      objectReference: {fileID: 0}
    - target: {fileID: 5179378316670245251, guid: d5121d1c99d5e4f27ba40361b0dbcc20, type: 3}
      propertyPath: m_LocalRotation.y
      value: -0.70684135
      objectReference: {fileID: 0}
    - target: {fileID: 5179378316670245251, guid: d5121d1c99d5e4f27ba40361b0dbcc20, type: 3}
      propertyPath: m_LocalRotation.z
      value: -0.019373534
      objectReference: {fileID: 0}
    - target: {fileID: 5179378316670245251, guid: d5121d1c99d5e4f27ba40361b0dbcc20, type: 3}
      propertyPath: m_LocalEulerAnglesHint.x
      value: 0
      objectReference: {fileID: 0}
    - target: {fileID: 5179378316670245251, guid: d5121d1c99d5e4f27ba40361b0dbcc20, type: 3}
      propertyPath: m_LocalEulerAnglesHint.y
      value: -90
      objectReference: {fileID: 0}
    - target: {fileID: 5179378316670245251, guid: d5121d1c99d5e4f27ba40361b0dbcc20, type: 3}
      propertyPath: m_LocalEulerAnglesHint.z
      value: -3.14
      objectReference: {fileID: 0}
    - target: {fileID: 8967560672411486080, guid: d5121d1c99d5e4f27ba40361b0dbcc20, type: 3}
      propertyPath: _isOn
      value: 1
      objectReference: {fileID: 0}
    m_RemovedComponents: []
  m_SourcePrefab: {fileID: 100100000, guid: d5121d1c99d5e4f27ba40361b0dbcc20, type: 3}
--- !u!114 &605349701633583253 stripped
MonoBehaviour:
  m_CorrespondingSourceObject: {fileID: 8967560672411486080, guid: d5121d1c99d5e4f27ba40361b0dbcc20, type: 3}
  m_PrefabInstance: {fileID: 8364748786489863957}
  m_PrefabAsset: {fileID: 0}
  m_GameObject: {fileID: 0}
  m_Enabled: 1
  m_EditorHideFlags: 0
  m_Script: {fileID: 11500000, guid: 463b7917fb52a464b9095a4348a80582, type: 3}
  m_Name: 
  m_EditorClassIdentifier: 
--- !u!4 &3743994944510375574 stripped
Transform:
  m_CorrespondingSourceObject: {fileID: 5179378316670245251, guid: d5121d1c99d5e4f27ba40361b0dbcc20, type: 3}
  m_PrefabInstance: {fileID: 8364748786489863957}
  m_PrefabAsset: {fileID: 0}
--- !u!1001 &8364748786509399347
PrefabInstance:
  m_ObjectHideFlags: 0
  serializedVersion: 2
  m_Modification:
    m_TransformParent: {fileID: 8364748786463306761}
    m_Modifications:
    - target: {fileID: 5179378316669939295, guid: d5121d1c99d5e4f27ba40361b0dbcc20, type: 3}
      propertyPath: m_Name
      value: SM_Prop_Cannon_P_04
      objectReference: {fileID: 0}
    - target: {fileID: 5179378316669939295, guid: d5121d1c99d5e4f27ba40361b0dbcc20, type: 3}
      propertyPath: m_IsActive
      value: 1
      objectReference: {fileID: 0}
    - target: {fileID: 5179378316670245251, guid: d5121d1c99d5e4f27ba40361b0dbcc20, type: 3}
      propertyPath: m_RootOrder
      value: 8
      objectReference: {fileID: 0}
    - target: {fileID: 5179378316670245251, guid: d5121d1c99d5e4f27ba40361b0dbcc20, type: 3}
      propertyPath: m_LocalPosition.x
      value: -2.2290006
      objectReference: {fileID: 0}
    - target: {fileID: 5179378316670245251, guid: d5121d1c99d5e4f27ba40361b0dbcc20, type: 3}
      propertyPath: m_LocalPosition.y
      value: 2.625
      objectReference: {fileID: 0}
    - target: {fileID: 5179378316670245251, guid: d5121d1c99d5e4f27ba40361b0dbcc20, type: 3}
      propertyPath: m_LocalPosition.z
      value: -0.8230002
      objectReference: {fileID: 0}
    - target: {fileID: 5179378316670245251, guid: d5121d1c99d5e4f27ba40361b0dbcc20, type: 3}
      propertyPath: m_LocalRotation.w
      value: 0.7071068
      objectReference: {fileID: 0}
    - target: {fileID: 5179378316670245251, guid: d5121d1c99d5e4f27ba40361b0dbcc20, type: 3}
      propertyPath: m_LocalRotation.x
      value: -0
      objectReference: {fileID: 0}
    - target: {fileID: 5179378316670245251, guid: d5121d1c99d5e4f27ba40361b0dbcc20, type: 3}
      propertyPath: m_LocalRotation.y
      value: -0.7071068
      objectReference: {fileID: 0}
    - target: {fileID: 5179378316670245251, guid: d5121d1c99d5e4f27ba40361b0dbcc20, type: 3}
      propertyPath: m_LocalRotation.z
      value: -0
      objectReference: {fileID: 0}
    - target: {fileID: 5179378316670245251, guid: d5121d1c99d5e4f27ba40361b0dbcc20, type: 3}
      propertyPath: m_LocalEulerAnglesHint.x
      value: 0
      objectReference: {fileID: 0}
    - target: {fileID: 5179378316670245251, guid: d5121d1c99d5e4f27ba40361b0dbcc20, type: 3}
      propertyPath: m_LocalEulerAnglesHint.y
      value: -90
      objectReference: {fileID: 0}
    - target: {fileID: 5179378316670245251, guid: d5121d1c99d5e4f27ba40361b0dbcc20, type: 3}
      propertyPath: m_LocalEulerAnglesHint.z
      value: 0
      objectReference: {fileID: 0}
    - target: {fileID: 8967560672411486080, guid: d5121d1c99d5e4f27ba40361b0dbcc20, type: 3}
      propertyPath: _isOn
      value: 1
      objectReference: {fileID: 0}
    m_RemovedComponents: []
  m_SourcePrefab: {fileID: 100100000, guid: d5121d1c99d5e4f27ba40361b0dbcc20, type: 3}
--- !u!114 &605349701647876787 stripped
MonoBehaviour:
  m_CorrespondingSourceObject: {fileID: 8967560672411486080, guid: d5121d1c99d5e4f27ba40361b0dbcc20, type: 3}
  m_PrefabInstance: {fileID: 8364748786509399347}
  m_PrefabAsset: {fileID: 0}
  m_GameObject: {fileID: 0}
  m_Enabled: 1
  m_EditorHideFlags: 0
  m_Script: {fileID: 11500000, guid: 463b7917fb52a464b9095a4348a80582, type: 3}
  m_Name: 
  m_EditorClassIdentifier: 
--- !u!4 &3743994944524147888 stripped
Transform:
  m_CorrespondingSourceObject: {fileID: 5179378316670245251, guid: d5121d1c99d5e4f27ba40361b0dbcc20, type: 3}
  m_PrefabInstance: {fileID: 8364748786509399347}
  m_PrefabAsset: {fileID: 0}
